2392 4042
411 273 586 336 Siccusrn
609 271 786 337 Certatum
1020 285 1055 342 st

90 495 92 499 ,
138 427 248 506 vehat,
262 435 369 488 ttamen
386 425 444 488 etsi
462 423 621 508 praesidia
639 425 841 507 parabantur,
852 437 882 488 et
894 426 962 510 ipse
971 421 1062 514 miege
1110 419 1113 425 ⁵

141 513 263 592 Plautia
288 511 495 595 interrogatus
516 509 560 572 eb
583 510 623 572 L.
641 509 764 573 Paullo.
810 510 985 588 Postremo,
999 511 1062 576 dis-

141 594 304 678 simulandi
320 617 441 671 caussa,
467 607 574 679 eatque
598 595 645 656 sui
661 595 869 680 expurgandi,
886 598 976 660 sicuti
995 598 1064 683 jur·

142 685 195 768 gio
217 681 380 744 lacessitus
412 681 501 757 louet,
533 681 564 742 in
592 694 732 742 senatum
762 681 860 748 venit.
906 682 987 746 Tum
1013 681 1061 749 tt.

140 766 262 831 Tullius
288 764 408 842 consul,
439 765 505 828 sive
534 764 744 848 praesentiam
767 763 833 850 ejus
860 766 981 844 timens,
1006 789 1063 834 seu

139 855 185 917 ira
208 865 394 925 commotus,
425 851 598 912 orationem
621 847 728 912 habuit
756 848 942 916 luculentam
970 868 1062 939 atque

139 937 245 1002 utilem
274 933 490 1018 reipublicae;
513 957 604 1020 quarn
634 948 743 1018 postea
774 936 922 1020 scriptam
951 937 1061 1002 edidit.

8 1083 9 1086 ,
85 1101 90 1103 ‚
138 1023 212 1100 Sed,
229 1022 282 1085 uhi
309 1020 361 1084 ille
383 1019 531 1099 ⁰adsedit,
554 1019 703 1097 Catilina,
725 1032 757 1084 ut
783 1035 851 1084 erat
867 1036 994 1106 paratus
1022 1023 1063 1088 ad

137 1105 362 1188 dissimulanda
395 1107 509 1186 omnia,
539 1104 677 1170 demisso
701 1105 795 1183 voltu,
821 1127 900 1170 voce
926 1109 1063 1193 supplici

40 1253 45 1256 .
138 1193 309 1278 postulare,
337 1191 479 1253 “Patres
504 1192 675 1273 conscripti
699 1213 736 1252 ne
753 1189 826 1276 quid
842 1191 882 1254 de
898 1215 931 1256 se
946 1209 1061 1258 temore

139 1277 324 1342 crederent:
359 1291 400 1336 ea·
421 1275 538 1337 familia
565 1288 676 1350 ortum,
706 1275 749 1336 ita
775 1275 817 1338 ab
848 1276 1063 1351 adolescentia
1140 1281 1145 1284 ’

138 1363 236 1427 vitam
263 1360 444 1438 instituisse,
471 1374 504 1422 ut
532 1361 636 1424 omnia
657 1359 739 1422 bona
766 1359 801 1422 in‘
829 1383 886 1444 spe
910 1363 1061 1426 haberet:

140 1469 179 1511 ne
194 1458 430 1524 caestumarent,
460 1447 520 1511 sibi
545 1446 680 1530 patricio
702 1443 830 1522 bomini,
846 1447 933 1532 cujus
951 1449 1061 1530 ipsios,

139 1545 232 1618 atque
247 1533 398 1618 majurum
415 1529 544 1614 plurimu
564 1529 717 1594 beneficia
741 1531 772 1594 in
796 1530 921 1615 plebem
945 1533 1063 1598 Roma·

87 1631 91 1634 '
140 1640 212 1680 nam
228 1631 343 1692 essent,
360 1615 483 1698 perdita
506 1615 669 1698 republica
692 1636 772 1698 opus
799 1639 880 1694 esse,
899 1641 968 1682 cum
993 1643 1063 1684 eam

141 1715 283 1765 servaret
297 1699 344 1760 M.
361 1699 495 1774 Tullius,
509 1699 691 1781 tinquilinus
706 1701 785 1761 civis
800 1701 886 1763 urbis
904 1703 1062 1768 Romae.'’

140 1785 191 1848 Ad
208 1785 266 1846 hoc
282 1780 450 1844 maledicta
466 1781 614 1844 alianum
630 1779 779 1859 addere13
801 1783 985 1867 obstrepere
998 1811 1061 1852 om.

139 1891 206 1941 nes,
232 1869 354 1930 hostem
383 1881 477 1950 atque
502 1865 693 1951 parricidam
725 1887 851 1932 vocare.
898 1869 979 1934 Tum
1010 1873 1063 1938 ille

138 1953 341 2019 furibundust
369 1951 558 2032 “Quoniam
582 1951 706 2038 quidem
729 1954 994 2034 circumventus,”
1016 1959 1062 2024 in·

139 2041 215 2126 quit,
237 2047 257 2077 ‘⁶
274 2039 316 2101 ab
333 2038 465 2101 inimicis
484 2059 638 2124 praeceps
663 2059 751 2125 agor,
768 2041 786 2107 i
862 2041 945 2106 dium
962 2054 1073 2132 meuml

136 2124 469 2208 ruinarestinguam.'’
780 2059 859 2203 ¹&
988 2133 1078 2211 '.:.„[

184 2208 320 2274 XXXll.
359 2208 450 2274 Drrrr
471 2229 504 2272 se
520 2231 561 2272 ex
577 2208 663 2272 curio
680 2207 802 2273 domum
820 2213 993 2298 proripuit:
1017 2216 1138 2299 ibis&

138 2295 234 2360 multa
265 2316 370 2358 secum
400 2294 470 2378 ipse
500 2294 650 2372 volvens3
685 2295 767 2380 quod
791 2319 895 2383 neque
918 2301 1078 2366 ‘insidiae'

138 2379 261 2446 consuli
276 2379 501 2466 procedebant,
518 2393 550 2444 et
565 2379 606 2444 ab
630 2381 777 2444 incendio
794 2382 998 2469 intellegebat
1012 2409 1074 2452 ur··

1028 2165 1058 2192 χ
1071 2166 1074 2183 r

170 2593 181 2642 l
200 2594 342 2642 Tomenetni.
358 2623 361 2626 -
376 2588 536 2639 Asterwards
548 2588 698 2638 contractet]
711 2587 764 2638 into
781 2594 881 2639 tametsi.
1062 2631 1064 2634 .

170 2675 198 2708 m
215 2662 283 2722 Lege
291 2659 402 2707 Plautio
435 2659 459 2704 A
472 2655 660 2718 tanproposed
673 2654 706 2718 by
721 2656 844 2715 Plautius,
862 2654 963 2708 tribune
975 2659 1007 2710 os
1018 2663 1063 2716 the

136 2724 238 2786 people,
253 2725 293 2772 l'or
313 2724 357 2771 the
372 2723 538 2786 punishment
553 2722 583 2770 ol'
595 2721 669 2770 those
690 2721 747 2769 whb
768 2721 862 2770 should
882 2719 940 2785 plot
962 2729 1062 2792 against

138 2789 292 2901 thetlslenate,
309 2793 471 2851 magistrates
483 2803 512 2835 or
523 2791 620 2849 private
633 2803 699 2846 men,
720 2801 750 2836 or
767 2787 861 2836 should
871 2785 936 2837 offer
947 2792 1060 2847 violence

137 2863 168 2904 to
212 2867 260 2900 em.
761 2899 762 2908 ,

165 2921 189 2969 h
206 2919 288 2981 Atque
296 2921 341 2967 nri.
374 2918 450 2976 Some
460 2914 570 2965 editions
579 2915 643 2964 have
651 2928 675 2965 et
684 2920 756 2978 priori
767 2920 814 2977 tui,
824 2917 869 2967 icc.

167 2995 187 3036 ‘o
204 2988 311 3035 deluerit.
348 2985 390 3032 An
402 2982 527 3032 erehaism
539 2981 578 3031 ior
595 2987 692 3032 aceedit.

171 3053 379 3116 pAEetumorent.
423 3051 474 3100 For
499 3052 648 3100 estimarent.
694 3048 774 3099 Other
795 3049 904 3102 edition·
933 3053 996 3109 beve
1018 3079 1062 3113 ee.

136 3123 279 3170 intimarent.

171 3199 191 3248 q
207 3185 350 3248 hrqatilittni.
382 3187 460 3234 From
479 3187 630 3244 tecelinum
646 3182 783 3234 derivative
795 3183 826 3232 of
832 3188 946 3248 incohare
964 3196 1061 3256 tenant,

137 3267 167 3304 or
179 3249 267 3300 rather
277 3267 293 3298 a
303 3253 405 3311 citizen,
418 3251 503 3300 whose
514 3251 586 3314 right
594 3251 624 3300 of
631 3247 783 3314 citizenship
797 3265 854 3301 was*
867 3253 974 3304 derived
993 3255 1059 3310 from

136 3318 179 3370 his
188 3315 339 3374 habitation,
351 3317 468 3367 noth-om
482 3316 611 3370 hisbirth.
645 3316 733 3366 Cicero
746 3331 796 3367 was
808 3316 871 3367 born
884 3324 911 3366 et
922 3321 1049 3382 Arpinum.
1070 3337 1072 3345 ⁸

170 3385 300 3440 elneidiae
321 3385 418 3432 ementi.
450 3386 533 3433 Facta
553 3382 630 3448 being
649 3381 812 3434 understood.
845 3383 1060 3452 tristiorem,

138 3451 247 3520 nothing
255 3448 447 3514 extraordhtury
458 3457 486 3502 to
502 3465 545 3503 see
565 3465 580 3501 a
591 3449 676 3502 dative
687 3449 815 3517 goiet-ned
826 3449 860 3514 by
875 3463 891 3499 a
902 3448 1061 3511 substantive

139 3531 214 3570 nobili·
978 3539 981 3544 '
