2392 4042
358 257 361 262 ’
399 259 573 340 βΑιιυετη
597 259 771 328 Csmmns.
1004 269 1046 329 65

133 431 236 496 neque
256 411 363 474 fortem
386 433 427 476 ex
450 412 558 477 timido
580 416 761 493 exercitum,
784 415 925 479 oratione
940 404 1045 499 <impes

132 499 259 574 satoris,
281 496 359 560 fieri.
404 498 529 578 Quanta
551 501 696 586 cujusque
718 501 821 564 animo
835 499 967 564 audacia
990 517 1045 562 nac

134 595 215 660 tura,
236 595 287 645 aut
301 581 440 646 moribus
455 583 547 662 inest,
571 597 655 647 tenta
672 595 702 648 tn
718 583 802 648 bello
819 599 926 670 patere
941 583 1043 648 solet:

131 689 224 753 quem
237 689 334 752 neque
350 667 462 754 gloria,
484 675 583 752 neque
600 669 738 752 pericula
754 671 902 748 excitant,
917 667 1044 754 nequid·

122 773 222 838 .quam
248 752 395 830 hortene3
428 753 520 816 timor
545 753 639 814 enimi
669 752 794 818 auribus
820 753 936 818 obiicit.
981 751 1046 817 Sed

134 859 193 924 ego
207 859 275 915 vos,
298 859 359 921 quo
384 857 486 920 pasca
510 857 678 914 monerem,
701 837 876 916 advocavi3
899 837 986 902 simul
1001 838 1046 901 uti

131 943 275 987 caussam
300 921 425 986 consilii
451 923 617 1006 aperirem.
674 922 767 986 Scitis
791 921 943 1008 equidem,
965 921 1042 985 mili·

132 1023 190 1086 tes,
221 1006 480 1092 socordiamque
510 1009 518 1071 i
543 1007 636 1071 navia
659 1006 784 1072 Lentuli
809 1017 953 1093 quantam
982 1007 1044 1090 ipsi

130 1092 252 1158 cladem
282 1029 612 1178 nobisquecattuierit3
644 1114 762 1176 quoque
788 1091 892 1170 modo,
915 1091 986 1156 dnm
1002 1111 1043 1154 ex

131 1178 209 1244 urbe
235 1177 394 1262 pracsidio
418 1179 576 1261 opperior,
600 1179 630 1240 in
649 1177 786 1243 Galliam
808 1177 966 1262 proficisci
988 1197 1041 1240 ne·

131 1264 295 1346 quiverim.
324 1283 330 1298 ·
354 1261 446 1323 Nunc
474 1277 548 1344 equo
577 1261 608 1323 in
638 1259 709 1338 loco
734 1283 785 1324 res
811 1276 933 1325 nostrae
970 1261 1041 1338 sint,

109 1419 111 1422 ¹
127 1348 222 1432 juxta
238 1366 357 1408 mecum
372 1365 478 1409 omnes
494 1343 685 1429 intellegitis.
730 1345 895 1408 Exercitus
911 1345 1045 1410 hostium

130 1429 203 1508 duo,
227 1453 303 1494 unus
318 1431 360 1492 ab
384 1429 469 1508 urbs,
492 1429 735 1507 alternGallin,
759 1431 906 1494 obstant:
928 1428 1042 1492 diutius

133 1517 165 1580 in
181 1517 228 1580 his
244 1515 323 1580 locis
338 1537 420 1593 esse,
441 1515 482 1579 ‘tsi
498 1535 640 1578 maxume
655 1517 774 1579 animus
791 1515 878 1594 senat,
902 1513 1043 1578 frumenti

130 1612 222 1684 atquo
247 1601 378 1662 oliorum
402 1623 503 1664 senum
527 1612 653 1685 egestns
682 1599 840 1684 prohibet.
885 1599 1040 1680 Quocum·

133 1705 194 1767 que
224 1685 269 1746 ine
296 1683 411 1765 placet,
437 1685 519 1744 ferro
545 1686 603 1744 itet·
627 1681 830 1766 aperiundum
852 1698 911 1746 est.
956 1685 1041 1764 Qua-

133 1782 266 1852 propter
277 1787 332 1828 vos
343 1787 467 1844 moneo,
479 1767 523 1828 uti
537 1764 608 1828 sorti
617 1778 709 1850 atque
720 1779 830 1848 parato
839 1767 942 1830 animo
954 1767 1020 1829 sitis
1033 1793 1041 1842 3

134 1867 177 1932 et,
208 1875 276 1916 cum
304 1849 455 1935 praelium
479 1847 608 1925 inibitis,
635 1849 846 1928 memineritis,
877 1871 933 1914 vos
962 1848 1058 1940 dini-¹

131 1939 203 2014 tias,
232 1937 339 2014 decus,
369 1935 511 2022 gloriam,
548 1947 712 2020 praeterea
739 1933 914 2000 libertatem
948 1947 1041 2021 atque

130 2023 265 2107 patriam
292 2023 323 2086 in
352 2021 472 2085 dextris
502 2032 639 2104 portare.
684 2021 719 2085 Si
744 2021 907 2100 vincimus,
937 2022 1041 2086 omniu
1073 2055 1074 2059 ,

89 2109 91 2116 '
132 2109 224 2190 nobis
248 2122 322 2184 tuta,
338 2120 526 2170 commeatus
551 2104 686 2184 abunde,
702 2107 844 2171 coloniae
869 2120 961 2194 atque
976 2128 1039 2173 mu·

133 2193 251 2276 uicinia
278 2192 448 2276 patebunt:
471 2193 517 2254 sin
534 2203 616 2254 metu
641 2194 837 2273 cesserimus,
861 2195 971 2260 eadem
986 2194 1040 2260 itte

132 2276 268 2342 advorsa
282 2277 378 2341 fiunt:
402 2297 502 2362 neque
517 2274 615 2354 locus,
631 2297 731 2364 nsque
746 2280 863 2346 amicus
879 2281 1041 2368 quisquam

107 2404 111 2406 -
132 2375 226 2449 teget,
249 2383 339 2448 quem
367 2383 542 2428 armenon
567 2362 712 2427 texerint.
757 2365 936 2445 Praeterea,
961 2367 1041 2434 mili·

130 2459 190 2526 tes,
206 2470 265 2512 non
281 2447 392 2529 eadem
408 2447 499 2510 nobis
525 2457 556 2509 et
572 2446 632 2511 illis
648 2451 846 2515 necessitudo
862 2451 1038 2537 impendet:
1060 2451 1061 2454 '

37 2611 44 2620 .
130 2555 187 2597 nos
214 2555 271 2618 pso
293 2531 414 2616 ‘potuim
441 2552 499 2615 pro
528 2529 681 2608 libertate,
712 2553 769 2616 pro
785 2536 1038 2604 vitacentamus:

131 2617 193 2681 illis
215 2635 480 2702 supervacaneum
511 2627 558 2678 est
581 2636 721 2702 pugnare
737 2639 794 2702 pso
809 2625 947 2705 potentia
962 2643 1055 2707 pan-t

132 2719 250 2764 conum.
293 2701 376 2780 rQuo
387 2699 535 2764 audacius
557 2699 774 2800 adgredimini,
798 2725 948 2771 memores
960 2708 1037 2794 pris·

133 2784 218 2846 tinae
233 2783 366 2845 virtutis.
410 2784 516 2846 Licuit
544 2784 645 2863 nolus,
669 2809 738 2852 cum
762 2805 879 2854 summo
909 2797 1037 2876 turpitu-

133 2865 219 2948 dine,
249 2867 281 2930 in
310 2865 406 2929 exilio
431 2865 564 2928 aetatem
589 2886 608 2930 s
631 2889 705 2934 ere:
729 2875 871 2955 potuistis
900 2881 1038 2944 nonnulli
1075 2904 1077 2909 ·

134 2951 266 3028 Romae,
297 2950 421 3015 amissis
448 2939 553 3028 bonis,
592 2891 712 3016 alienas
736 2977 815 3040 opos
840 2977 1055 3045 exspectare.¹

133 3037 217 3117 Quia
231 3035 285 3102 illa
300 3033 501 3124 foedantque
517 3034 717 3129 intoleranda
744 3042 829 3106 uirts
843 3045 1037 3131 videbantur,

1027 3157 1040 3190 S

164 3255 182 3306 p
204 3241 255 3299 Quo
266 3243 293 3290 in
301 3243 355 3292 loco.
386 3243 452 3294 How
463 3252 510 3292 nur
522 3229 606 3294 affairs
619 3243 693 3294 stand
703 3264 710 3302 ς
726 3261 775 3300 out
785 3247 990 3304 circumstances.

160 3321 184 3421 {¹
197 3307 436 3434 imici&
447 3308 803 3428 ”ililsslflfliolismlili
812 3315 1028 3451 iiiiiinneiigt„
1043 3345 1047 3350 ⁷

162 3405 164 3410 .
375 3407 383 3434 ‚
439 3407 445 3420 ,
902 3417 909 3428 ,
1027 3419 1036 3430 ι

133 3440 225 3498 clenni,
240 3452 272 3487 an
283 3437 408 3488 archaism
418 3437 458 3488 fot·
472 3443 634 3503 negredimim'
644 3441 670 3494 in
680 3442 724 3496 tue
732 3443 879 3508 imperative
891 3447 974 3510 moctl,

159 3515 179 3557 ‘s
198 3506 267 3558 Viris.
299 3505 340 3556 Το
351 3505 452 3558 menos
462 3507 544 3570 spuit.
783 3506 787 3512 ·

536 3569 598 3634 Gi
