2392 4042
147 267 188 326 st
417 269 590 336 Succusrn
613 271 791 338 Carisius.

147 418 267 488 scelere
283 421 375 484 tantis
390 421 512 487 civibus
527 423 743 510 deprehensis,
759 424 834 512 quid
848 427 933 492 facto
949 448 1028 512 opus
1044 451 1054 507 ς

145 527 277 594 poenam
293 503 413 570 illorum
430 507 490 571 sibi
506 511 604 587 oneri,
627 512 840 595 impunitatem
854 513 1056 598 'perdundae

144 589 338 677 reipublicae
373 593 549 660 ‘credebat
574 598 701 683 lgitur,
731 598 915 663 confirmato
939 601 1055 676 animo,

144 677 252 742 vocari
277 677 316 740 ad
342 699 412 742 sese
434 679 525 766 jubet
551 681 728 760 Lentulum,
752 683 936 770 Cethegum,
960 685 1056 748 Stati·

143 765 226 841 lium,
264 763 444 842 Gabinium,
482 767 554 830 item
584 769 626 848 Q,
657 768 845 852 Coeperium
881 769 1056 855 quemdum,

140 851 428 927 rTerracinensem,
467 855 519 937 qui
549 854 579 916 in
609 852 755 939 Apuliam
788 854 829 918 ad
866 854 1058 919 concitanda·

141 937 269 1001 servitia
295 937 451 1019 proficisci
473 939 619 1022 parabat.
665 939 772 1002 Ceteri
801 941 870 1004 siue
892 961 979 1006 mora
1002 963 1058 1005 ve·¹

140 1023 249 1086 niunt:
272 1021 458 1105 Coeparius‚
483 1022 587 1106 paullo
602 1036 675 1088 ante
697 1022 791 1088 domo
806 1047 962 1112 egressus,
979 1048 1056 1113 cog·

115 1177 117 1183 ,
140 1107 206 1170 nito
222 1106 348 1185 indicio,
372 1107 427 1192 [ex
444 1107 537 1194 urbe]
555 1111 746 1194 profugerat.
791 1109 910 1174 Consul
935 1112 1055 1175 Lentu·

57 1221 60 1228 ·
140 1189 212 1272 lum,
222 1191 306 1278 quod
321 1207 448 1277 praetor
463 1209 540 1272 erat,
557 1193 624 1278 ipss
640 1215 733 1258 manu
749 1207 857 1259 tenens
872 1195 1053 1278 *perducit3

140 1277 276 1364 reliquos
292 1299 361 1344 cum
373 1278 554 1344 custodibus
570 1282 601 1344 in
617 1279 727 1344 aedem
737 1280 937 1345 Concordiae
947 1283 1055 1347 venire

38 1405 40 1436 ,
135 1359 239 1450 jubet.
285 1363 333 1428 Eo
348 1379 487 1429 senatum
504 1364 646 1443 advocat,
669 1377 855 1451 ¹magnaque
879 1368 1054 1452 frequentia

139 1452 206 1598 Ejus
236 1451 364 1526 ordinis,
394 1450 586 1514 Volturcium
617 1471 687 1514 cum
716 1451 828 1538 legatis
858 1451 1056 1518 introducite
1156 1497 1157 1504 κ

166 1537 284 1600 laecum
311 1549 485 1620 praetorem
508 1537 656 1600 scrinium
685 1557 756 1602 cum
782 1536 904 1615 litteris,
928 1559 1006 1623 quas
1035 1559 1054 1602 tt

139 1621 250 1709 legatis
265 1635 443 1706 acceperat,
460 1621 570 1684 eodem
582 1620 705 1704 adferre
716 1623 820 1707 jubet.

180 1709 314 1772 XLVlI.
337 1708 552 1771 Vouruucrus
584 1707 790 1792 interrogatus
822 1707 899 1772 “de
930 1709 1080 1792 itinere,r

137 1793 177 1860 de
194 1795 314 1870 litteris,
333 1806 489 1874 postremo
505 1790 589 1877 quid,
605 1806 657 1856 aut
673 1814 733 1878 qua
746 1791 785 1854 de
798 1813 910 1856 caussa
926 1797 1052 1864 consilii

139 1879 300 1944 habuisset
311 1879 346 1938 [Μ
370 1879 471 1962 primo
486 1878 602 1960 fingere
618 1877 690 1953 alia,
706 1876 901 1940 dissimulare
917 1877 956 1942 de
972 1899 1049 1943 con·

133 1964 312 2050 juratione3
334 1963 416 2046 post,
440 1963 492 2026 ubi
516 1961 590 2024 bfide
614 1961 738 2048 publica
754 1960 859 2026 dicere
870 1962 975 2046 jussus
992 1977 1051 2042 est,

138 2050 252 2127 ontnia,
277 2049 318 2110 uti
340 2063 427 2134 gesta
452 2062 550 2126 eraut,
573 2049 696 2130 aperite
717 2054 736 2084 ‘⁶
755 2048 862 2130 paucis
889 2061 960 2112 ante
984 2049 1053 2113 die·

138 2131 197 2197 bus
213 2155 230 2197 a
247 2133 386 2197 Gubinio
408 2147 439 2197 ct
464 2134 624 2217 Coeperio
649 2133 766 2196 socium
789 2131 951 2210 adscitum,
975 2134 1052 2198 nihil

139 2219 271 2303 amplius
301 2221 392 2296 scire,
415 2241 506 2304 qnam
530 2219 672 2304 legatos:
703 2217 914 2282 tantummodo
941 2220 1050 2285 audire

139 2305 260 2368 solitum
286 2325 326 2368 ex
357 2305 505 2380 Gabinio,
520 2323 522 2327 ·
537 2305 573 2366 Ρ.
599 2302 791 2380 Autronium,
814 2304 956 2368 Servium
978 2305 1048 2370 Sul·

138 2389 210 2469 lam,
234 2391 273 2454 L.
291 2391 524 2476 Vargunteium,
546 2389 658 2452 multos
681 2403 845 2474 praeterea
867 2389 899 2452 in
921 2409 958 2454 oa
974 2413 1049 2456 con-

169 2577 192 2612 να
201 2577 219 2610 x
230 2563 365 2612 Perdtmdae
379 2563 519 2626 reipublice.
539 2563 631 2620 Garine,
641 2575 669 2608 or
679 2577 776 2609 cansam
781 2575 838 2624 may
847 2559 879 2612 be
888 2558 1053 2612 uuiderstood.

135 2629 163 2676 Iu
186 2643 257 2678 some
273 2630 381 2678 editions
404 2643 442 2676 we
466 2629 518 2677 find
536 2631 600 2691 fiere,
619 2626 667 2676 aud
688 2627 838 2676 credebatis
859 2625 983 2682 omitted;
1000 2628 1050 2678 but

135 2693 232 2744 neither
243 2697 302 2758 sore
324 2709 370 2742 nor
382 2697 493 2744 credebat
505 2709 585 2742 seems
598 2693 739 2756 absolutely
758 2707 906 2756 necessary:
924 2691 982 2756 they
996 2695 1051 2743 will

135 2758 167 2809 be
179 2759 274 2824 readily
293 2760 411 2826 supplied
429 2761 461 2824 by
474 2759 517 2809 tbe
529 2759 672 2823 intelligent
680 2759 776 2808 reader.
809 2761 947 2808 Perdundae
959 2763 1053 2822 reipub·
1156 2741 1157 2800 l

136 2830 193 2886 ticae,
210 2825 232 2876 if
240 2828 284 2877 the
296 2827 388 2886 dative,
407 2841 463 2892 may
475 2827 506 2875 be
519 2827 644 2892 governed
666 2825 699 2888 by
705 2825 771 2888 sune,
782 2825 896 2874 whether
911 2839 1030 2887 expresse

135 2907 164 2940 or
174 2894 337 2955 understood,
354 2894 377 2942 if
392 2893 437 2942 the
454 2893 572 2959 genitive,
589 2898 659 2941 must
679 2891 710 2940 be
728 2891 857 2958 gouer-ned
873 2890 905 2955 by
923 2905 1008 2951 cunae,
1020 2907 1049 2940 or

136 2973 233 3007 causum
245 2959 406 3010 understood.
1040 2984 1046 2996 ν

166 3039 184 3088 y
196 3022 397 3074 Terracinensem.
415 3028 558 3085 Terracina,
571 3023 624 3074 still
631 3030 659 3071 so
667 3021 760 3083 called,
769 3037 820 3070 was
835 3021 983 3071 amaritime
996 3023 1048 3088 city

135 3089 166 3138 of
173 3090 216 3139 the
231 3090 326 3149 Voltei,
336 3104 368 3139 on
377 3091 421 3138 tlte
430 3091 548 3141 froutters
561 3090 590 3138 uf
600 3089 702 3152 Nuples,
714 3087 833 3150 formerly
844 3086 927 3135 called
935 3090 1034 3138 Auster.

168 3158 322 3206 zPevducs't.
355 3153 445 3206 Before
463 3157 513 3206 this
532 3156 610 3216 word,
624 3157 646 3203 in
663 3169 733 3203 sume
745 3153 864 3212 editions,
883 3167 920 3202 we
936 3155 1005 3214 read,
1022 3158 1049 3202 fu

135 3233 252 3284 cenatum,
272 3223 353 3278 which
372 3235 427 3285 may
441 3223 472 3272 be
485 3223 596 3289 thought
616 3219 798 3284 tautologicnl;
820 3218 889 3268 since
901 3221 945 3268 tbe
958 3221 1015 3272 idea
1026 3221 1048 3269 is

133 3285 200 3354 fully
211 3290 348 3354 expressed
360 3285 510 3336 afterwards
520 3290 552 3353 by
565 3289 609 3338 the
620 3286 702 3334 words
713 3289 739 3334 in
751 3289 821 3334 eutem
833 3289 968 3336 cmcurdiae.
1026 3313 1029 3318 ·
1045 3292 1052 3314 “·

146 3391 148 3396 .
168 3373 183 3404 u
198 3359 347 3420 Magnaque
350 3354 504 3421 frequentiae,
522 3357 566 3404 tac.
596 3358 649 3402 tna
665 3367 723 3418 very
738 3351 787 3400 full
808 3353 895 3413 house,
912 3353 937 3400 in
954 3369 969 3401 a
988 3367 1048 3416 very

134 3419 184 3470 full
195 3429 287 3469 senate.

168 3487 185 3534 b
202 3488 372 3548 Ftvhpubttcn.
405 3487 494 3538 Orthe
505 3485 591 3550 public
603 3485 680 3545 saith,
698 3501 733 3536 un
745 3485 878 3550 splendes
886 3483 916 3534 of
923 3483 1048 3548 impunity

134 3551 200 3602 froin
211 3557 381 3617 gouer-nutent.
772 3585 777 3594 .
