2392 4042
431 301 605 370 Ssunusru
628 302 804 368 cinno.
1058 295 1077 366 7

160 469 255 522 taret
270 455 366 580 pauci
393 476 434 521 ex
458 455 567 522 amicis
593 453 713 520 auxilio
738 465 844 534 ‘csse3
868 473 940 518 nam
967 455 1076 533 ceteri,

163 555 246 607 metu
280 542 431 626 percussi,
458 563 476 606 a
501 541 649 627 periculis
672 541 816 605 aberant.
869 539 1080 618 AtRoursni,

163 626 248 698 dorni,
274 627 465 713 militiaeque
495 627 615 706 intenti,
643 627 818 710 destinare,
846 647 970 711 parare,
1000 624 1089 690 alius·

162 713 254 778 alium
283 713 422 800 hortari3
460 713 601 778 hostibus
631 711 758 776 obviam
788 714 855 791 ire;
892 711 1081 790 libertatem,

160 801 304 884 patriam,
329 799 649 884 parentesque-armis
672 810 801 884 tegere:
825 808 906 883 post,
922 798 975 862 ubi
999 797 1082 884 peri·

160 885 230 949 cula
246 886 360 950 virtute
377 884 591 969 propulerant,
614 885 710 948 sociis
728 897 823 970 atque
837 884 947 948 amicis
963 883 1082 949 auxilia

160 971 350 1056 portabant3
365 971 526 1058 magisque
537 968 651 1036 dandis
663 989 755 1056 quent
771 968 968 1055 accipiundis
986 970 1081 1034 hene·

159 1058 251 1136 ficiis,
282 1057 436 1122 amicitias
467 1055 634 1142 parabant.
695 1055 861 1139 Imperium
899 1053 1081 1142 legitimum,

160 1164 274 1208 nomen
305 1143 428 1228 imperii
453 1144 574 1230 regium
600 1141 781 1207 habebant:
815 1139 942 1221 delecti,
991 1141 1081 1206 uibus

101 1303 104 1308 ¹
158 1248 277 1312 corpus
293 1229 384 1292 annis
399 1227 562 1303 infirmum,
579 1228 736 1314 ingenium
753 1225 909 1312 sapientia
933 1165 1083 1305 validum,

163 1311 361 1398 reipublicae
383 1311 623 1376 consultabant:
647 1313 689 1389 hi,
711 1311 763 1376 vel
785 1326 900 1390 aetate,
915 1313 967 1377 vel
989 1332 1084 1376 curae

161 1396 377 1477 similitudine,
393 1396 524 1462 Perses
547 1397 803 1484 appellabantur.
849 1397 935 1474 Post,
958 1399 1012 1461 uhi
1035 1418 1083 1462 re-

160 1486 246 1573 gium
274 1484 447 1570 imperium,
497 1484 568 1563 uod,
600 1483 699 1560 initio,
726 1481 1083 1550 conservandaetiber-

161 1571 246 1646 tatis,
262 1584 355 1656 atque
372 1505 538 1656 augendae
558 1569 769 1655 ¹¹reipublicae
793 1571 903 1648 suerat,
927 1570 958 1634 in
974 1591 1083 1655 super·

152 1657 250 1742 „hiem
269 1655 581 1740 dominationemque
605 1656 782 1734 convertit3
805 1655 964 1721 immutato
986 1661 1083 1736 more,

164 1759 269 1804 annua
282 1740 425 1820 imperia,
437 1739 589 1823 binosque
605 1739 810 1821 imperatores
826 1741 888 1804 sibi
904 1742 1029 1806 secere}
1046 1763 1085 1806 eo

11 1823 37 1882 h
95 1822 99 1828 ’
164 1824 260 1889 modo
276 1825 410 1890 minume
427 1843 521 1907 posse
538 1822 691 1908 putabant
706 1843 765 1910 per
780 1823 938 1888 licentiam
955 1826 1084 1894 insoles-

163 1931 237 1976 cere
252 1909 387 1972 animum
403 1908 582 1972 humanum.

206 1996 280 2062 Vll.
304 1995 371 2058 Snn
388 2015 425 2058 ea
447 2005 634 2078 tempestate
655 1996 807 2080 kcoepere
833 2017 868 2060 se
883 1996 1014 2084 quisque
1030 2019 1084 2064 ex·

163 2081 286 2160 tollere,
313 2081 475 2167 magisque
512 2081 669 2164 ingenium
707 2081 738 2145 in
770 2096 915 2168 promptu
953 2084 1083 2152 habere.

163 2169 248 2234 Nam
274 2165 401 2252 regibus
427 2166 511 2243 boni,
533 2187 626 2251 quam
648 2166 734 2241 mali,
756 2169 969 2253 suspectiores
1003 2182 1084 2250 sunt,

166 2273 352 2339 semperque
379 2251 427 2315 his
456 2249 560 2316 aliena
577 2254 673 2316 virtus
698 2253 900 2319 formidolosa
916 2269 975 2320 est.
1021 2255 1086 2321 Sed

164 2343 288 2416 civitas,
305 2335 491 2404 incredibile
513 2351 684 2403 memoratu
707 2351 766 2417 est,
781 2338 906 2424 ¹adepta
926 2339 1084 2422 libertate,

165 2423 313 2514 quantum
324 2423 414 2490 brevi
424 2424 560 2489 creverit
571 2447 579 2486 z
592 2437 677 2488 tanta
690 2425 807 2510 cupido
818 2424 938 2512 gloriae
949 2427 1086 2492 incesse·

165 2664 170 2675 Ι
197 2597 349 2675 fPercuses'.
366 2579 368 2588 ¹
382 2593 463 2646 Other
471 2593 581 2650 editions
590 2593 653 2646 have
662 2597 777 2660 perculsi.
810 2595 900 2647 Either
908 2596 940 2648 ol
945 2597 991 2649 the
1001 2598 1086 2650 words

126 2737 131 2743 '
164 2663 478 2841 1⁶aedrsihssstiiiherlr,perrone.
513 2725 570 2777 The
586 2725 708 2790 inlinisiue
721 2728 794 2794 again
807 2728 847 2780 for
858 2728 903 2780 the
914 2727 1014 2795 perfect
1025 2731 1088 2790 indi-

166 2795 257 2845 sative.
290 2793 378 2842 Thiso
397 2793 523 2844 servatius
535 2793 600 2844 need
609 2800 655 2844 not
667 2795 698 2844 be
710 2796 784 2860 again
793 2796 920 2860 repeated.

199 2859 219 2908 h
235 2859 383 2923 Reipublicae
396 2853 500 2920 fueras
525 2862 566 2906 An
581 2860 692 2910 unusual
708 2862 891 2912 construction.
927 2865 1011 2914 Gamo
1027 2879 1086 2933 may

164 2925 197 2978 he
209 2922 383 2980 understoods
401 2923 426 2972 in
443 2937 514 2976 some
529 2921 637 2974 editions
659 2926 712 2973 itis
729 2927 875 2989 expressed.
908 2931 1006 2980 Fuerat
1016 2939 1087 2983 must

163 2993 226 3044 then
241 2991 275 3042 bc
295 2989 372 3042 esen
397 2987 437 3039 ior
457 2991 610 3040 emtionem
622 2989 719 3054 swan
753 2992 810 3042 The
833 2998 951 3046 sentence
972 3011 1030 3064 may
1054 2999 1086 3051 be

164 3055 312 3124 completed
328 3055 467 3107 otherwise
478 3055 539 3104 thus
550 3073 556 3101 ε
574 3059 640 3118 quod
653 3060 722 3106 irrisio
731 3059 821 3122 fimat
836 3067 1004 3116 commanda
1015 3068 1086 3118 liber.

165 3129 232 3186 tatis,
243 3124 259 3173 i.
270 3141 293 3174 e.
305 3127 341 3174 ad
349 3125 538 3174 commutandum
550 3125 681 3174 dhertatem
688 3131 830 3189 perom-

198 3190 421 3240 iDums'nnn'onem.
454 3192 581 3256 Tyranny.
1150 3243 1151 3247 ,

197 3254 218 3306 k
237 3258 339 3320 Coepere
349 3274 375 3308 ae
386 3261 487 3320 qto'sque
498 3260 618 3308 extruere.
653 3255 734 3310 other
743 3257 854 3313 editions
865 3260 929 3312 have
940 3265 1021 3326 magt«
1036 3279 1086 3315 ma·

163 3327 253 3441 gi'sqssp
265 3327 384 3438 exspuere.
423 3325 538 3388 Quisque,
555 3323 633 3389 being
652 3340 668 3375 e
686 3325 808 3390 partitive
828 3341 952 3392 pronoun,
963 3327 1085 3384 admitte

194 3406 239 3440 urs
262 3403 306 3439 ver
325 3424 331 3438 .
640 3397 644 3404 '
780 3423 784 3430 ·

164 3405 182 3457 p
199 3457 210 3507 l
227 3459 325 3522 adepto
343 3457 458 3508 uberate.
491 3459 629 3522 flumme,
649 3455 727 3524 being
743 3473 888 3512 scommon
902 3457 975 3523 verb,
986 3460 1009 3514 is
1020 3461 1085 3517 used

167 3522 217 3578 ins
226 3525 337 3591 passive,
348 3537 377 3578 ns
388 3523 447 3578 nell
458 3537 486 3578 ss
498 3523 525 3576 iu
536 3539 568 3579 m
580 3523 663 3602 active
674 3539 755 3580 sense.
