2392 4042
401 257 575 322 Srsnusru
598 258 774 323 Currsrus.
814 251 815 259 '
1005 262 1046 320 69

130 407 271 496 tegebat.
317 409 413 476 Pauci
436 423 550 490 autern,
571 425 658 496 ·quos
674 410 786 474 cohors
809 409 968 495 praetoria
984 408 1046 474 dis-

122 497 259 582 jecerat,
284 495 388 578 paullo
409 495 575 574 diversius,
599 495 654 560 sed
677 518 785 560 omncs
808 509 911 559 tamen
933 493 1047 558 esdrerd

130 582 174 643 sis
189 579 375 646 tvolneribus
401 579 616 646 conciderant.
662 581 800 646 Catilina
826 603 903 644 vero
918 581 968 644 lon
993 599 1047 644 ee

129 667 205 744 suis,
220 667 300 730 inter
315 668 448 733 hostium
463 667 622 730 cadavera
637 681 783 750 repertus
799 680 856 743 est,
873 603 1043 751 paulluium

129 753 222 814 etiam
245 754 380 838 spirans,
411 754 621 836 ferociamque
647 753 753 829 animi,
780 771 870 838 quam
893 751 1047 816 habuerat

128 837 228 916 vivus,
246 839 276 901 iu
292 837 387 901 tvoltu
403 840 554 902 retinens.
600 838 772 914 Postremo,
788 857 829 899 ex
841 838 923 899 omni
939 840 1044 920 copia,

126 943 227 1008 neque
255 924 286 986 in
315 923 446 1008 praelio,
469 945 571 1008 neque
597 926 628 989 in
655 924 738 1008 suga,
765 923 927 1008 quisquam
951 921 1044 985 uciuis

126 1008 280 1093 ingenuus
305 1023 429 1094 captus.
475 1011 520 1072 ita
546 1004 649 1074 cuncti
676 1029 751 1072 suae
777 1007 974 1092 hostiumque
1000 1008 1045 1070 vi·

127 1105 177 1156 tae
204 1095 306 1156 ''uxta
336 1109 555 1179 pepercerant.
611 1095 724 1180 Neque
752 1108 854 1158 tamen
887 1092 1044 1158 exercitus

127 1117 239 1262 popuii
265 1180 402 1243 Romani
433 1180 547 1244 laetam
576 1195 630 1243 aut
659 1182 850 1244 incruentam
880 1178 1045 1242 victoriam

126 1262 284 1345 adeptus:
309 1283 378 1326 nam
405 1264 636 1326 strenuissimus
661 1264 791 1348 quisque
815 1279 869 1327 aut
884 1262 1046 1326 occiderat

127 1347 160 1410 in
172 1345 364 1434 praeiio‚aut
375 1344 909 1434 gravitervulneratusdisoesserat.
955 1345 1046 1412 Multi

127 1446 241 1509 autern,
257 1435 309 1518 qui
335 1432 375 1496 de
391 1434 512 1512 castris,
541 1433 674 1511 visundi,
690 1444 743 1496 aut
759 1429 916 1518 spoliandi
932 1430 1044 1514 gratia,

129 1531 344 1604 proceserant,
380 1519 542 1584 volventes
566 1518 691 1582 hostilia
718 1517 887 1598 cadavera,
910 1516 1044 1580 amicum

126 1603 193 1678 aiii,
210 1626 283 1686 pars
293 1603 459 1687 hospitem,
472 1617 526 1673 aut
540 1617 705 1690 cognatum
720 1603 941 1688 reperiebant:
958 1603 1044 1664 suere

126 1689 212 1762 item,
228 1689 281 1770 qui
296 1688 439 1750 inimicos
452 1709 525 1748 suos
540 1701 777 1784 cognoscerent.
822 1689 871 1749 lta
886 1687 971 1750 varie
988 1706 1045 1768 per

125 1792 252 1841 emnem
293 1771 467 1839 exercitum
496 1769 792 1851 laetitia,·moeror,
822 1770 923 1834 luctus
952 1780 1026 1855 atqu

124 1857 242 1950 gaudia
254 1859 468 1948 agitabantur.
591 1882 594 1891 ¹
1024 1900 1025 1906 κ
1058 1954 1064 1964 ἱ

156 2049 169 2082 s
191 2017 263 2092 Quen
295 2035 407 2083 Insome
418 2031 528 2084 editions
540 2035 701 2096 ouormedior.

156 2105 171 2146 t
189 2101 335 2150 Volnertbm.
367 2101 408 2148 An
429 2099 554 2149 archaism
570 2100 610 2150 ior
625 2105 783 2164 whwsr'bm
800 2116 829 2152 so
840 2105 907 2154 voltu
918 2071 958 2154 for
968 2105 1045 2164 vultu.
1115 2081 1118 2089 ⁸
1136 2117 1138 2125 ⁴

124 2165 245 2216 anunm
255 2166 404 2224 muneribus,
415 2165 477 2214 with
490 2165 596 2216 wounds
605 2167 630 2216 'm
642 2165 717 2218 frunt.

158 2243 178 2278 u
197 2231 265 2278 Cimo
275 2232 402 2292 ingenuus.
436 2229 562 2295 Ingenuus
573 2232 678 2284 deuotes
689 2250 705 2284 a
715 2249 807 2300 person
819 2235 882 2286 born
896 2237 928 2288 of
941 2240 1045 2303 poenis

124 2294 183 2346 who
191 2295 246 2348 bad
254 2294 347 2360 always
360 2295 423 2347 been
433 2295 494 2348 free.

157 2377 174 2412 v
190 2365 279 2414 Irata.
312 2361 401 2417 Taren
409 2362 573 2432 adverbislly,
583 2365 633 2418 and
641 2366 706 2420 used
716 2362 756 2418 for
763 2371 865 2431 puriter.

1149 2197 1191 2326 ‘i‘
