2392 4042
148 205 186 266 10
278 191 282 198 ’
414 199 588 262 stnnusrn
611 195 788 268 cirrum.

146 347 239 498 pulsi,
255 347 326 412 loco
347 347 461 413 cedere
475 343 545 414 ‘ausi
568 362 676 428 erant3
705 349 737 412 in
760 368 841 435 pace
867 370 954 428 vero,
976 349 1059 438 quod
1103 375 1108 380 ·

170 434 319 513 eneficiis,
348 437 455 534 ¹’quam
486 446 578 508 metu,
608 435 773 520 imperium
801 436 989 522 ‘agitabant
1017 450 1059 515 et,

111 535 113 546 ⁴
145 533 279 604 accepta
294 521 415 607 injuria,
428 522 602 608 ignoscere,
615 541 706 606 quam
720 522 877 606 persequi,
890 522 1060 586 malebant.

188 604 231 670 Χ.
253 605 331 684 Sco,
343 605 395 671 ubi
407 606 515 672 labore
527 619 619 692 atque
627 607 748 694 justitia
761 605 941 691 respublica
951 608 1062 684 crevit,

144 712 236 777 reges
252 693 358 779 magui
380 691 465 757 bello
479 691 598 768 domiti,
614 693 756 756 nationes
772 694 868 771 ferae,
884 706 915 756 et
935 691 1062 776 ‘populi

145 776 289 862 ingentes
313 778 345 840 vi
370 778 503 856 subacti,
517 777 703 866 ‘Carthagq
719 777 841 843 aemula
857 778 979 864 imperii
995 777 1062 842 Ro·

145 863 240 941 mani,
270 862 313 927 ab
342 865 440 950 stirpe
471 866 597 943 interiit,
628 877 740 930 cuncta
769 865 867 928 maria
898 877 1062 949 terraeque

145 947 319 1034 potebant3
341 953 463 1014 saevire
480 949 628 1028 Fortuna,
650 971 689 1014 ac
712 950 843 1014 miseere
859 949 973 1028 omnia,
989 971 1063 1014 coe·

145 1034 204 1119 pit.
250 1034 312 1115 Qui
339 1033 475 1116 labores,
499 1035 650 1119 pericula,
672 1034 785 1099 dubias
808 1049 900 1122 atque
930 1055 1062 1121 asperas

111 1157 117 1168 ·
144 1139 197 1182 res
225 1119 319 1184 facile
349 1117 569 1198 toleraverant,
598 1122 637 1185 iis
659 1121 766 1200 otium,
789 1119 920 1186 divitiae
940 1121 1062 1207 roptan-

146 1202 207 1268 dae
223 1203 304 1282 aliis,
320 1206 408 1270 oneri
420 1206 626 1305 miseriaeque
637 1208 735 1270 luere.
764 1207 879 1305 ‘Igitur
891 1207 992 1306 primo
1008 1227 1063 1292 pe-

147 1290 269 1370 cuniae,
285 1290 399 1356 deinde
415 1291 538 1375 imperti
554 1291 671 1376 cupido
686 1305 805 1356 crevit:
826 1313 864 1357 ea
880 1313 969 1378 quast
983 1305 1064 1356 tnta·
1158 1351 1163 1358 ‚
1188 1331 1189 1352 i

146 1376 240 1440 terias
270 1377 405 1442 omnium
434 1378 585 1446 malorum
608 1378 705 1442 luere.
764 1377 908 1463 Namque
931 1377 1064 1441 avaritia

146 1459 250 1540 ficiem,
265 1462 462 1547 probitatem,
474 1477 658 1547 ceterasque
669 1462 760 1526 hartis
773 1462 873 1526 bonas
888 1462 1041 1526 subvertit
1055 1488 1065 1542 ὅ

146 1567 205 1631 pro
227 1547 499 1632 his,‘superbianr,
522 1547 749 1626 crudelitatem,
772 1545 850 1611 deos
874 1545 1063 1634 neglegere,

147 1633 404 1696 omnia'veualia
436 1633 564 1712 habere,
594 1632 744 1698 edocuit:
782 1632 913 1698 ambitio
950 1632 1063 1698 multos

145 1717 285 1782 mortalis
303 1715 398 1782 salsos
414 1719 481 1782 fieri
504 1715 650 1806 subegit¹3
672 1717 757 1784 aliud
780 1717 920 1783 clausurn
943 1721 974 1782 in
991 1741 1063 1804 pec·

79 1837 83 1844 ·
146 1815 225 1882 tore,
251 1804 337 1886 aliud
359 1807 391 1870 in
413 1806 519 1894 lingua
549 1805 724 1892 promptum
747 1803 886 1882 habere}
910 1805 1063 1868 amicitias

146 1889 398 1975 inimicitiasque,
415 1914 476 1955 non
492 1911 533 1954 ex
554 1897 613 1966 kre,
628 1889 684 1952 sed
707 1909 748 1952 ex
770 1888 1065 1966 commodo,·aestu-

138 1993 257 2052 ‚mare3
294 1977 454 2058 meisque
484 1973 610 2050 vultum,
640 1993 732 2058 quam
761 1971 919 2058 ingenium
951 1971 1066 2038 bonum
1116 2013 1118 2020 ·

146 2057 277 2123 babere.
357 2079 412 2122 aec
437 2058 537 2143 primo
560 2056 722 2142 paullatim
737 2077 893 2136 crescere,
910 2056 1065 2123 interdum

146 2143 322 2208 vindicarit'
344 2148 434 2228 ¹post,
457 2142 521 2219 ubi,
537 2143 685 2231 contagio
706 2145 807 2230 quasi,
824 2143 1003 2228 pestilentia
1019 2145 1065 2208 in-

6 2283 10 2310 ,
144 2230 238 2319 rasit.
265 2229 377 2300 civitas
407 2229 577 2312 immutata,
609 2231 784 2320 imperium,
815 2229 1067 2319 ex'justissumo

6 2321 8 2336 ’
51 2365 59 2410 3
146 2341 239 2414 atque
256 2323 538 2412 optumo,'‘crudele
555 2319 846 2406 intolerandumque
861 2324 988 2388 sactum.

177 2517 195 2566 b
216 2519 301 2578 Quarta
333 2515 424 2580 Magi·
434 2513 512 2582 being
524 2513 696 2572 wideratood:
714 2513 740 2564 in
748 2527 819 2564 some
834 2512 944 2564 editions
956 2513 978 2564 it
990 2513 1011 2564 is
1023 2528 1068 2566 ex·

145 2583 362 2728 prqssqpqmbm'
388 2651 439 2702 For
456 2651 581 2716 agebant,-
591 2647 644 2701 the
660 2645 847 2714 frequentative
863 2645 904 2696 ior
920 2645 965 2698 the
980 2645 1067 2712 primi·
1124 2651 1127 2656 ’

146 2721 199 2832 urg
209 2717 310 2848 vqupw
343 2781 408 2832 This
421 2733 529 2833 wortlin
542 2781 587 2833 the
597 2781 683 2848 plural
694 2779 807 2848 significa
815 2778 906 2839 tribea,
917 2780 962 2830 &o

178 2865 194 2900 e
214 2852 346 2916 Carthago.
381 2851 450 2900 Once
469 2866 485 2900 a
502 2848 601 2898 amous
622 2847 673 2898 and
690 2846 843 2913 flourisbing
862 2847 917 2913 city
928 2847 952 2896 in
970 2844 1067 2908 Africa,

8 2907 9 2916 ¹
108 2925 112 2933 ·
128 2965 132 2976 ,
146 2924 192 2965 not
203 2916 242 2966 far
252 2915 318 2967 from
327 2915 371 2965 the
380 2921 484 2980 present
493 2914 548 2981 city
557 2913 589 2963 of
595 2916 686 2966 Tunis.

178 2982 193 3031 f
210 2986 332 3048 Optanda.
366 2984 464 3047 Agrees
476 2982 538 3032 with
551 2984 649 3042 dimac,
661 2981 705 3030 the
717 2995 786 3030 noun
793 2985 894 3030 nearest
902 2984 929 3026 to
941 2977 968 3026 it

146 3051 344 3164 thgfiqiqtecien
377 3047 413 3099 Of
429 3049 474 3101 tha
492 3045 554 3100 fittu
569 3048 731 3104 declension;
749 3044 894 3096 sometimes
912 3046 1023 3104 neuterio,
1040 3044 1071 3094 ol

177 3131 192 3165 e
235 3131 248 3162 s

179 3181 291 3231 hstrtia.
327 3185 463 3232 Forat-tes.

182 3249 192 3298 i
207 3249 357 3312 Neglcgere.
391 3249 432 3295 An
443 3247 572 3300 archaism
583 3245 623 3298 fot·
634 3248 767 3312 negligere.
801 3247 869 3296 Deua
884 3247 1019 3310 negligere,
1030 3239 1070 3293 for

145 3333 176 3365 nc
194 3318 320 3379 l‘gentiom
332 3319 434 3365 deorum.

173 3332 200 3430 lc
217 3384 262 3430 Ex
274 3398 308 3432 re.
341 3380 490 3448 According
501 3387 529 3432 to
541 3379 608 3430 their
619 3377 673 3430 real
684 3379 766 3430 velue.

180 3446 191 3496 l
207 3449 276 3496 Porr·
310 3451 348 3512 By
360 3445 478 3512 enallage
486 3447 526 3496 for
540 3455 632 3511 pratea.
669 3447 788 3514 Contegio
800 3448 880 3512 quani,
891 3443 925 3511 by
941 3458 956 3493 a
972 3445 1027 3495 sort
1042 3439 1073 3493 of

148 3513 292 3580 contagion,
305 3515 417 3580 contagio
429 3512 506 3582 being
517 3513 562 3564 the
574 3512 690 3566 ablatite.
