2392 4042
422 305 597 372 Ssnnnsru
621 304 797 372 Christus.
1024 311 1064 368 tu

150 481 210 527 nes
231 457 422 544 sportulent5
445 459 596 525 auxilium
620 470 709 544 petas
732 457 774 522 ab
796 455 950 530 omnibus,
974 453 1067 518 etiarn

153 547 198 610 ab
214 545 359 610 infimis.”
407 543 542 624 Adhuc,
565 543 712 608 mandata
733 543 839 608 verbis
862 540 938 604 dat:
961 545 982 579 ‘⁶
998 561 1067 604 cunr

153 633 197 696 ab
212 645 319 694 senatu
336 631 434 696 hostis
453 630 605 694 'edicatus
629 630 678 706 sit,
701 651 763 714 quo
785 627 917 691 consilio
939 628 1068 690 servitia
1158 623 1162 642 '

154 715 322 802 repudiet?
353 718 383 780 in
408 653 486 779 urbe
513 727 625 799 parata
650 735 731 790 esse,
754 734 834 800 quae
854 713 1005 798 jusserit:
1028 731 1067 778 nc

152 813 317 866 cunctetur
332 802 342 864 i
368 823 402 864 se
419 801 549 886 propius
565 797 756 863 accedere.’'

195 885 301 950 XLV.
359 907 388 949 rs
412 883 505 948 rebus
523 887 566 948 ita
588 885 678 962 actis,
702 883 867 948 constituta
883 894 985 961 nocte,
1008 903 1068 969 qut

152 971 440 1058 proficiscerentur,
464 969 591 1047 Cicero,
619 992 677 1055 per
698 968 820 1058 legatos
841 981 953 1030 cuncta
977 967 1070 1033 edoc-

152 1051 215 1134 tus,
240 1056 279 1120 L.
297 1056 427 1120 Valerio
449 1051 566 1120 Flacco
581 1069 613 1120 et
627 1055 668 1120 C.
685 1055 839 1131 Pomtino‚
863 1053 1070 1138 praetoribus,

153 1143 302 1226 imperet,
317 1142 361 1204 uti
376 1143 408 1204 in
426 1153 520 1226 ponte
539 1141 672 1206 'Mulvio
695 1163 752 1225 per
773 1138 904 1204 insidias
926 1137 1070 1203 Allobro·

155 1247 230 1311 gum
253 1227 428 1288 ⁸comitntus
451 1225 711 1309 deprehendant:
733 1246 798 1288 rem
820 1245 942 1288 omnem
957 1223 1070 1310 aperit,

154 1309 249 1394 cujus
263 1309 364 1394 gratia
379 1308 600 1372 mittebantur:
621 1319 757 1388 ‘ceteras
770 1309 817 1372 uti.
828 1309 911 1372 facto
926 1331 1005 1392 opus
1022 1310 1072 1388 sit,

156 1395 202 1459 ita
217 1407 324 1478 agant,
346 1394 523 1479 ”permittit
568 1395 721 1458 Homines
747 1392 908 1470 militares,
931 1395 999 1456 sine
1028 1405 1073 1457 tu·

156 1477 253 1545 multu
270 1479 636 1563 praesidiis.collocatis,
663 1479 754 1543 sicuti
778 1491 979 1567 praeceptum
996 1491 1073 1558 erat,

156 1563 286 1630 occulte
301 1577 428 1650 pontem
451 1563 609 1630 obsidunt.
655 1565 823 1650 Postquam
842 1563 881 1628 ed
906 1563 936 1628 id
953 1564 1014 1628 loci
1031 1563 1074 1629 le·

160 1649 227 1733 gati
242 1668 312 1710 enm
327 1649 490 1711 Volturcio
505 1671 632 1726 venere,
648 1664 680 1711 et
690 1648 779 1712 simul
791 1649 943 1734 utrimque
956 1649 1075 1715 clamor

162 1743 292 1796 exortus
309 1743 380 1809 est3
402 1731 500 1808 Galli,
522 1735 586 1794 cito
600 1733 728 1817 cognito
742 1732 884 1809 consilio,
907 1735 973 1798 sine
990 1755 1076 1800 mora

163 1815 364 1902 praetoribus
374 1837 408 1880 se
422 1814 558 1880 tradunt.
581 1815 761 1880 Volturcius
774 1815 886 1900 primo,
898 1817 1076 1884 cohortatus

161 1915 296 1978 ceteros,
333 1899 442 1987 gladio
471 1913 514 1964 se'
536 1895 562 1964 a'
581 1899 776 1966 multitudine
806 1897 965 1981 delendit3
993 1901 1077 1984 dein,

162 1985 218 2052 ubi
241 2007 259 2048 a
275 1983 386 2072 legatis
401 1985 542 2050 desertus
559 2000 617 2067 est,
640 1985 733 2050 multe
749 1986 837 2072 prius
851 1985 891 2049 de
906 1983 1006 2054 salute'
1021 2012 1078 2054 sue

163 2071 339 2136 Pomtinum
354 2069 537 2148 obtestatus,
553 2071 636 2157 quod
659 2073 690 2135 ei
713 2084 802 2136 notus
819 2085 896 2152 erat,
918 2087 1078 2159 postremo

165 2154 301 2231 timidus,
313 2177 351 2219 ac
367 2157 450 2220 vitae
462 2155 616 2237 diffidens,
628 2156 723 2222 veluti
740 2155 891 2238 hostibus,
904 2181 974 2224 sese
986 2183 1078 2246 prae·

167 2240 286 2304 toribus
301 2241 397 2306 dedit.

207 2325 328 2405 XLVls
364 2326 492 2408 Qursus
516 2325 610 2390 rebus
632 2327 794 2410 consectis,
818 2331 1080 2416 omniepropere

165 2433 225 2496 per
251 2414 380 2478 nuncios
402 2411 522 2476 consuli
544 2411 754 2478 declarantur.
799 2413 947 2480 Atilium
970 2417 1094 2502 ingens·

167 2511 349 2583 curentque
365 2497 484 2561 laetitia
506 2497 594 2560 simul
618 2519 827 2582 occupavere.
873 2499 954 2564 Nam
970 2500 1081 2566 vlaeta·

166 2581 282 2660 butun
299 2583 514 2668 conjuratione
548 2584 717 2665 patefacta,
744 2583 903 2646 civitatem
932 2587 1081 2670 periculis

168 2679 309 2750 ereptam
324 2689 414 2732 esse:
437 2687 532 2753 porro
547 2680 651 2732 autem
665 2667 777 2731 anxius
794 2679 871 2749 erat,
887 2668 1081 2738 inmaxume

200 2915 220 2966 q
236 2902 372 2950 Paeniteat.
403 2901 539 2950 Gorerned
557 2901 592 2967 by
604 2907 670 2966 qiud,
688 2902 739 2954 and
754 2917 825 2952 more
841 2902 944 2970 elegant
962 2905 1022 2956 than
1030 2917 1086 2974 por.

168 2971 258 3028 subm,
272 2967 355 3016 which
367 2967 389 3017 is
401 2968 446 3016 the
458 2963 564 3034 reading
572 2971 596 3018 in
609 2984 678 3018 some
689 2969 806 3018 editions.
965 3022 970 3032 s

202 3036 335 3086 rMnlui'o.
368 3035 434 3085 Now
458 3034 543 3086 called
561 3035 729 3095 Ponoemolte,
752 3034 831 3086 about
850 3042 902 3088 two
922 3037 996 3090 miles
1016 3039 1086 3094 from

169 3102 258 3151 Rome.

168 3168 170 3173 ’
201 3166 367 3218 scorticatus.
402 3167 459 3218 The
468 3169 573 3220 retinue.
1004 3215 1007 3222 ,

202 3233 325 3292 tuciora,
338 3235 381 3286 &c
415 3237 455 3284 He
471 3234 567 3288 directe
584 3234 655 3286 them
673 3241 701 3285 to
721 3234 781 3286 take
797 3233 861 3287 such
872 3237 947 3289 other
957 3251 1086 3292 mensuret

167 3312 197 3349 tis
208 3297 337 3362 appeared
344 3315 484 3367 necessary.

201 3378 221 3414 u
233 3367 364 3415 Pennittit.
397 3366 460 3418 This
471 3368 533 3418 verb
556 3368 578 3417 is
597 3367 706 3418 omitted
728 3367 753 3418 in
768 3384 838 3424 some
857 3365 983 3428 editioris3
1003 3371 1053 3422 end
1064 3369 1087 3421 lt

168 3445 251 3482 seems
264 3445 334 3480 more
342 3431 471 3498 eleguntly
481 3433 651 3484 understood.
1189 3493 1190 3500 χ

202 3498 381 3548 vnaetatarur.
408 3500 517 3568 Insome
525 3499 635 3552 editions
646 3503 789 3568 intelligent
798 3500 820 3551 ir
832 3499 1089 3556 montistenen-
1189 3525 1190 3564 3

157 3561 253 3628 ,taius
267 3563 353 3617 which
364 3579 472 3632 uppem
483 3564 652 3633 superfluous.
1188 3609 1190 3622 Α
