2392 4042
169 104 213 176 tt
437 105 620 174 Snunrserr
635 105 820 173 Carreum..

167 279 221 326 ros
237 258 423 347 imposuere,
445 261 497 346 qui
522 261 748 346 rempublicam
772 265 1087 332 eorumtructarentt.

168 345 214 410 Hi
227 348 328 445 primo
350 367 484 432 coepere
508 368 683 432 pessumum
706 366 857 431 quemque
880 355 912 407 et
937 342 1088 406 omnibus·

169 431 302 498 invisum
315 429 538 497 tindemnatum
554 441 689 496 necare:
710 447 763 494 ⁰ea
776 429 910 516 populus
926 426 1037 492 laetari
1049 439 1086 489 et<

168 518 280 584 merito
303 514 410 583 dicere
439 517 518 582 fieris
564 519 649 596 Post,
683 517 736 581 ubi
764 515 924 601 paullatim
955 513 1089 577 licentia,

168 603 277 682 erevit,
298 601 391 688 juxta
407 603 507 668 bonos
522 615 554 668 et
568 601 872 668 malos't‘lubidinose
895 599 1090 677 interficere,

167 697 291 752 ceteros
305 701 388 754 metu
404 702 534 756 terrere.
575 691 626 775 *lta
642 689 755 754 civitas
778 687 926 753 servitute
949 705 1091 770 oppres·

167 793 214 852 sa,
237 772 359 839 stultae
375 773 515 840 laetitiae
542 776 648 863 gravis
675 797 805 860 poenas*
820 771 919 837 dedit.
964 771 1082 835 Nostro

168 860 331 936 memoria,
352 861 455 926 victor
478 861 564 926 Sulla
586 885 665 929 cum,
683 861 928 944 ‘tDamasippum
950 871 981 920 et
1003 857 1093 921 elios.

164 943 353 1031 hujusmodi,
386 949 436 1032 qui
466 947 548 1012 malo
571 945 765 1032 reipublicae
788 957 972 1018 creverant,
992 943 1094 1030 jugo--

167 1028 227 1098 lari
246 1031 351 1116 jussit,
378 1033 446 1116 quis
473 1055 533 1096 non
563 1033 677 1097 iactum
700 1034 765 1117 ejus
789 1027 962 1093 laudabat?
985 1029 1095 1094 homi·-

165 1135 223 1180 nes
246 1115 407 1196 scelestos,
430 1118 590 1196 factiosos,
611 1117 662 1202 qni
684 1115 891 1180 seditionibus
913 1114 1094 1200 rempubli·-

165 1221 236 1270 cam
267 1203 515 1289 exagitaverant,
547 1205 657 1268 merito
681 1217 810 1266 necatos
832 1200 972 1264 aiebant.
1019 1198 1094 1262 Sed-1

167 1307 207 1352 aa
231 1307 283 1366 res
307 1290 576 1374 magnae-initium
592 1287 691 1352 cladis
708 1289 775 1353 luit.
820 1285 913 1364 Nam,
934 1286 979 1350 uti
1001 1286 1085 1371 quis·
1164 1343 1165 1348 ,

166 1393 226 1460 que
255 1371 390 1454 domurn,
426 1387 479 1438 aut
509 1375 625 1451 villam,
657 1387 816 1459 postremo
849 1385 902 1436 aut
931 1392 998 1451 vas,
1033 1383 1093 1436 autv
1164 1427 1165 1446 ,

166 1457 385 1524 uestimentum
409 1459 540 1548 alicujus
566 1461 801 1544 concupiverat,
824 1457 929 1522 dabat·
945 1479 1087 1542 operam,
1164 1449 1165 1538 Ῐ

165 1543 210 1608 uti
240 1543 271 1606 in
302 1546 545 1630 proscriptorum
576 1567 703 1610 numero
729 1557 832 1609 esset..
884 1543 942 1622 lta,
973 1543 1086 1628 quibus

165 1625 355 1714 Damasippi
379 1651 462 1694 mors
491 1630 630 1696 laetitiae
657 1632 862 1714 iuerat,post
893 1629 1000 1714 paullo
1023 1627 1086 1715 ipsi

166 1711 390 1781 trahebantur:
413 1737 513 1802 neque
540 1719 626 1801 prius
641 1716 711 1780 finis
722 1714 969 1803 jugulandisuit,
992 1735 1092 1800 quam,
1164 1753 1165 1788 ,

167 1797 388 1864 Sulla-omnis
428 1823 501 1866 suos
527 1802 657 1877 ‚divitiis
692 1803 854 1888 explevit..
897 1801 998 1886 Atque
1024 1820 1097 1887 ego*
1164 1823 1165 1846 1

165 1883 255 1950 rhaec
270 1906 331 1949 nnn
348 1885 379 1949 in
395 1886 440 1950 Μ.
466 1887 583 1968 Tullio,
605 1910 714 1972 neque»
731 1887 788 1950 bis.
803 1886 1007 1968 temporibus,
1031 1907 1087 1948 ve-

165 1991 262 2034 reor:
286 1969 390 2035 sedin
414 1993 528 2058 magna
543 1973 670 2036 civitate
685 1971 786 2036 multa¹
797 1984 827 2036 et
847 1971 934 2034 varia
951 1969 1091 2050 ingenia

166 2066 247 2118 sunt.
293 2053 412 2135 Potest,
434 2057 498 2122 alio
513 2071 664 2143 tempore,
682 2057 763 2121 alio*
776 2054 926 2130 consule,
942 2055 993 2118 cui
1010 2057 1089 2118 item

111 2183 114 2190 ·
167 2141 505 2224 exercitusinmanus,
528 2143 638 2208 salsum
662 2143 704 2206 ali
726 2133 777 2206 uid
806 2163 863 2227 pro
879 2138 955 2205 veru
971 2140 1060 2204 credi
1076 2162 1095 2204 ε,
1122 2217 1126 2226 ¹

165 2225 220 2290 ubi
235 2226 295 2290 hoc
317 2229 475 2313 exemplo,
502 2252 562 2314 per-
582 2230 682 2294 senati
701 2165 870 2303 gesnerum,
894 2227 1003 2292 consul
1018 2225 1087 2313 glo·

165 2311 249 2378 dium
278 2312 444 2391 eduxerit„
469 2317 538 2401 quis
567 2315 666 2380 finem.
685 2327 809 2392 statuet,
843 2327 896 2376 aut
923 2313 1001 2398 quis,
1021 2335 1087 2376 mo·
1164 2353 1165 2364 κ

165 2397 351 2472 donabitur?
394 2399 534 2486 Majores
561 2402 670 2478 nostri,
693 2401 804 2464 Patres
822 2399 1004 2482 conscripti,
1029 2419 1085 2462 ne·

165 2505 224 2570 que
247 2482 381 2562 consilii,
404 2507 502 2570 neque
526 2485 678 2556 arrdaciae
702 2507 843 2572 umquam
873 2505 1007 2570 eguere:
1032 2504 1095 2548 ne·-·

164 2591 224 2654 que
246 2571 394 2654 superbia
418 2571 577 2650 obstabat,
599 2595 660 2658 quo
681 2574 781 2637 minus
804 2571 906 2634 aliena
934 2569 1085 2647 instituta,
1164 2587 1165 2594 ¹

166 2655 319 2720 simodo
351 2657 463 2742 proba,
501 2660 703 2724 imitarentur.
764 2661 856 2720 Arma
894 2666 985 2740 atque
1022 2653 1091 2718 tela

166 2739 319 2810 militaria
349 2743 393 2808 ab
429 2743 640 2823 ⁸Samnitibus,
678 2743 813 2832 insignia
850 2741 1086 2830 magistratuum

197 2943 216 2978 n
231 2929 407 2980 Imlemnatrtm.
440 2929 665 2980 Withoutatrial.

197 2997 280 3045 olto
316 2997 528 3062 Supplynegurr'o.
562 2991 956 3049 Insomeedittouswefinueo.

198 3059 384 3122 pIrrtbidt'noue.
418 3063 664 3126 Acthenpteasure
1028 3083 1043 3104 ι’

198 3139 218 3190 q
236 3125 416 3190 uamaappum.
444 3129 467 3178 A
488 3126 639 3178 followerof
649 3123 882 3186 Marius'sfaction,
893 3123 1010 3176 wluolrad
1022 3124 1089 3174 best-

166 3191 220 3257 aity
233 3191 344 3248 eretur,
362 3193 411 3241 and
423 3210 439 3241 a
450 3194 523 3243 oruel
536 3209 672 3258 oppressor
691 3192 722 3244 of
740 3191 787 3242 the
801 3191 918 3254 opposite
931 3197 1005 3256 party
1015 3211 1022 3248 t
1032 3189 1093 3244 but>

103 3283 104 3290 1
167 3258 864 3324 etherwmapers-mosneconsequeneetnmeutute.
1014 3257 1019 3271 ⁴

199 3339 214 3373 r
230 3326 292 3374 Haec.
325 3325 353 3376 ln
363 3339 432 3378 some
444 3325 554 3379 editions
566 3328 616 3376 loc.

199 3391 385 3448 »Somniorum
418 3391 541 3458 Apeople
561 3390 670 3461 ottuty
686 3397 715 3445 to
736 3391 781 3449 tlte
799 3390 886 3450 north.
899 3385 1088 3455 erumpente.
1164 3353 1165 3420 l
