2392 4042
412 233 588 300 Sunnusrn
610 231 789 297 cinnum
867 252 871 262 ·
1019 237 1060 300 23
1150 221 1158 226 ’

141 391 198 470 tia,
212 387 349 476 rapinas,
375 383 439 452 alia
463 386 568 451 omnia
592 406 672 472 quae
700 383 815 450 bellum
834 395 928 472 atque
954 383 1063 452 lubido

141 478 295 543 victorum
318 474 389 540 lert.
434 473 604 537 Praeterea
630 493 700 536 esse
728 472 759 536 in
789 470 947 557 Hispania
972 473 1065 537 reite·

142 564 228 628 riore
251 562 409 639 Pisonem,
425 559 456 624 in
482 557 675 624 Mauritania
697 577 768 622 cum
783 558 926 623 exercitu
947 557 985 623 P.
1002 557 1063 623 Sit·

144 650 218 714 tium
254 645 458 724 Nucerinum,
496 644 621 708 consilii
650 644 699 707 sui
725 643 920 730 participent
955 657 1065 732 petere

96 767 99 782 ·
144 733 336 800 consulatum
356 731 399 797 C.
424 731 608 808 Antonium,
650 749 720 794 uem
744 727 805 794 sibi
828 729 982 832 collegam
998 731 1066 798 sore

112 835 115 844 '
143 833 297 908 speraret,
324 818 480 883 hominem
511 829 544 882 et
568 753 764 893 lamdiarem,
786 827 819 880 et
844 818 989 883 omnibus
1011 839 1066 883 ne·

142 905 391 973 cessitudinibus
406 903 672 968 circumventum:
692 916 747 967 ‘teo
762 901 924 968 consulem
947 903 1068 970 initium

142 977 271 1080 agendi
284 993 447 1056 iacturum.
507 987 557 1053 Ad
579 988 666 1066 loc,
701 987 878 1054 maledictis
913 989 1069 1076 'increpat

143 1081 245 1144 omnis
270 1077 369 1142 bonos
382 1101 393 1140 :x
414 1097 539 1142 suorum
555 1067 803 1176 ununquemque
822 1075 987 1141 nominans
1002 1052 1087 1142 lau-⁸

142 1165 247 1231 dare:
273 1161 474 1228 'admonebat
503 1161 597 1225 alium
626 1183 644 1224 e
669 1173 789 1240 estatis,
820 1160 916 1226 alium
943 1159 1067 1248 cupidi-

145 1251 220 1315 tatis
235 1270 324 1326 suae,
339 1247 518 1332 complures
545 1183 678 1330 periodi
699 1259 753 1310 aut
774 1247 976 1336 ignominiae,
991 1247 1069 1313 mul·

146 1349 197 1400 tos
224 1333 374 1398 victoriae
401 1331 560 1409 Sullanae,
587 1330 701 1418 quibus
727 1350 768 1397 eat
791 1330 929 1418 praedae
955 1335 1070 1400 fueratl

146 1421 317 1507 Postquam
345 1420 482 1487 omnium
505 1419 628 1483 animos
651 1416 767 1483 alacris
790 1417 899 1499 videt3
924 1419 1069 1486 cohorta-

146 1520 207 1586 tus,
222 1521 256 1572 ut
271 1507 455 1592 petitionem
481 1526 570 1572 suam
585 1524 680 1569 curae
702 1503 866 1585 haberent,
882 1517 1071 1574 conventum

146 1589 277 1656 dimisit.

195 1675 300 1738 XXll.
323 1676 439 1738 Funus
463 1695 502 1738 ea
528 1687 725 1758 tempestate,
748 1677 801 1760 qui
815 1675 967 1759 dicerent,
982 1678 1071 1745 Cati·

151 1759 259 1836 linem,
284 1761 427 1823 oratione
444 1757 563 1835 habita,
579 1755 649 1823 rum
665 1757 706 1821 ad
730 1760 946 1846 jusjurandum
974 1785 1072 1850 popu·

149 1845 226 1910 laris
242 1845 372 1909 sceleris
387 1845 435 1908 sui
449 1841 614 1930 adigeret,
641 1844 766 1908 humani
789 1847 932 1946 corporis
947 1849 1072 1936 sangui·

85 1980 93 1998 ,
150 1953 231 2006 nem,
269 1933 344 1996 vino
375 1930 572 2016 permixtum,
610 1931 641 1995 in
671 1929 789 2018 pateris
820 1933 1073 2018 circumtulisse,

150 2017 235 2096 inde,
262 2039 332 2080 cum
361 2031 432 2101 post
458 2017 709 2081 exsecrationem
738 2037 846 2083 omnes
876 2019 1072 2108 degustavit·

151 2117 231 2179 sent,
262 2103 354 2168 sicuti
384 2104 415 2166 in
453 2101 644 2169 solemnibus
675 2104 774 2168 sacris
799 2104 868 2169 fieri
897 2110 1082 2190 consuevit,¹

151 2189 316 2272 aperuisse
340 2187 507 2252 consilium
533 2209 630 2267 suum,
661 2202 754 2275 atque
811 2237 820 2270 ,
846 2189 1004 2274 dictitare,
1027 2196 1074 2260 se·

107 2331 111 2338 .
151 2277 246 2352 cisse,
262 2297 323 2360 quo
340 2276 421 2340 inter
444 2295 479 2338 se
494 2273 548 2339 lidi
570 2297 617 2338 ma
644 2276 671 2339 ie
693 2211 809 2366 [prex
820 2275 909 2342 ‘alius
925 2278 980 2344 alii
995 2281 1075 2347 tanti

151 2360 300 2426 facinoris
317 2360 450 2426 conscii.
499 2299 650 2426 Nonnulli
677 2359 748 2428 licta
765 2362 856 2442 haec,
871 2365 966 2428 multa
983 2387 1075 2450 prae·

152 2459 250 2527 terea,
266 2446 511 2528 existumabant,
523 2447 566 2512 ab
576 2441 698 2533 ‘inqui
720 2445 887 2515 Ciceronis
911 2450 1073 2535 iuvidiam,

88 2712 94 2725 ¹
151 2695 239 2746 dueed
249 2695 324 2746 durin
355 2695 401 2746 tlte
420 2695 481 2747 civil
500 2711 574 2749 ware.
606 2696 664 2747 The
680 2695 850 2763 victoriousp
923 2705 964 2752 set
974 2713 1010 2766 up
1021 2703 1078 2754 tab.

153 2758 205 2808 lete
229 2760 254 2807 in
276 2711 365 2834 public
382 2762 479 2824 places,
497 2763 644 2828 containing
661 2763 706 2812 the
726 2763 856 2814 nameeof
904 2765 942 2815 eit·
957 2769 1076 2832 enemies,

109 2885 112 2888 Ι
137 2823 206 2876 ‘and
216 2821 326 2890 oll'ermg
338 2825 460 2888 ureward
468 2833 496 2877 to
505 2829 549 2878 the
557 2841 649 2890 person
657 2829 715 2877 who
724 2829 819 2878 should
828 2831 979 2881 manuninum
987 2833 1075 2894 them,

153 2887 200 2940 tlte
209 2889 293 2958 goods
303 2891 336 2941 os
340 2887 386 2941 the
398 2890 547 2956 proscribed
558 2905 624 2942 were
636 2893 689 2942 also
701 2892 859 2944 confiscated
870 2895 921 2945 and
928 2897 994 2950 sold.

188 2970 207 3022 p
226 2959 351 3074 citinelre.
382 2954 477 3007 nither
497 2959 583 3024 Spain,
603 2959 619 3008 i.
631 2973 653 3008 e.
673 2957 718 3009 the
736 2957 846 3009 division
865 2962 897 3012 of
911 2963 955 3016 the
966 2973 1075 3038 como-5

152 3031 259 3074 nmio
281 3032 308 3074 ts
335 3059 343 3074 .

165 3151 169 3156 ¹
187 3104 207 3154 q
229 3091 275 3140 Bo.
317 3041 381 3143 ’dom
399 3089 666 3157 beurgumerstoods
687 3091 713 3142 in
733 3105 805 3144 some
825 3092 935 3151 editions
954 3097 976 3150 it
992 3100 1014 3150 is
1031 3116 1075 3154 ex.

151 3156 306 3274 pffiedu
318 3158 340 3208 is
355 3158 501 3226 commonly
520 3159 565 3210 the
573 3175 648 3224 pase,
666 3158 739 3211 when
750 3172 975 3230 accompanymeut
990 3167 1076 3238 issig-

186 3290 340 3354 rlnmepnt.
373 3290 637 3343 Someeditionshuse
648 3294 807 3360 ἐπιψαῦον,

188 3369 202 3405 s
217 3357 374 3406 Adrnmrehot.
407 3359 436 3406 ln
447 3373 517 3410 some
527 3358 603 3410 other
613 3358 877 3415 editionsaumonmn

187 3427 202 3470 t
215 3425 448 3477 ,alim-comat.
479 3427 503 3478 Δ
515 3425 636 3492 partitive
653 3439 770 3492 prouorm
784 3427 899 3496 anguto
909 3424 1001 3496 iahed
1015 3437 1043 3486 to
1058 3449 1075 3490 a

154 3485 241 3551 plural
249 3489 383 3561 adjective·

867 3717 907 3792 ss

790 3803 859 3982 s
972 3903 977 3912 .
