2392 4042
168 333 211 394 ta
434 310 796 398 sinensmbfflnm.

170 481 281 569 quibus
297 477 439 545 insidiae·
451 483 652 568 parabantur,
666 481 782 566 ¹lieret:
806 481 967 571 Cethegus
982 481 1076 550 Cice·

171 567 255 632 ionis
266 568 392 653 januam
415 567 584 648 obsideret,
599 591 669 634 eum
689 569 720 634 ri
742 567 973 656 adgrederetur,
997 572 1078 634 alius

170 665 273 715 autem
299 651 412 716 alium:
435 653 491 718 sed
512 655 569 718 mii
593 653 785 733 familiarum,
808 673 934 740 quorum
958 678 999 719 ex
1022 677 1078 720 no·

169 736 291 802 hilitate
308 759 452 804 maxuma
468 759 552 826 pars,
568 753 713 825 parentes
725 740 954 819 interficerent;
975 740 1079 821 simul,

170 819 269 886 caede
284 837 315 888 et
338 823 483 889 incendio
506 825 657 910 perculsis
680 825 832 902 omnibus,
854 823 893 888 ad
909 825 1079 890 Catilinam

172 923 382 994 erumperent.
426 911 510 974 lnter
525 911 601 974 haec
625 925 733 995 perata
749 923 841 995 atque
856 908 992 989 decreta,
1014 909 1079 974 Ce-

170 993 280 1081 thegus
306 1016 431 1080 semper
458 996 645 1081 querebatur
669 995 710 1058 de
741 997 867 1081 ignaria
899 998 1079 1060 sociorum:

171 1078 241 1142 illos
257 1078 427 1144 dubitando
443 1080 572 1144 erudies
588 1079 773 1166 prolatando
788 1101 917 1166 magnas
930 1093 1078 1166 opportu-

169 1163 282 1228 nitates
311 1185 531 1251 corrumpere,
570 1167 664 1246 lacto,
694 1187 755 1230 non
784 1166 937 1244 consulto,
968 1168 998 1229 in
1025 1165 1079 1230 tali

195 1248 312 1314 ericulo
340 1273 420 1337 opus
449 1273 541 1330 ease3
573 1274 678 1337 seque,
708 1251 734 1314 ei
764 1251 857 1336 pauci
885 1250 1078 1348 adjuvarent,

168 1269 389 1422 languentibus
419 1335 500 1416 aliis,
531 1339 677 1424 impetum
704 1337 734 1399 in
764 1337 881 1400 curiam
917 1341 1078 1400 lecturum.

171 1419 290 1494 hlatura
320 1421 419 1501 ferox,
451 1423 629 1502 vehemens,
662 1427 753 1486 manu
777 1434 948 1506 promptus,
972 1441 1084 1486 maxue

170 1527 253 1572 mutu
267 1507 381 1571 bonum
397 1509 427 1571 in
443 1506 601 1571 celeritate
617 1506 758 1594 putabat.

213 1591 331 1656 XLlV.
367 1593 435 1657 Suu
462 1592 659 1680 Allobroges,
682 1611 722 1655 ex
753 1603 927 1677 prraecepto
948 1591 1080 1657 Cicero·

161 1677 230 1751 nis,
247 1699 303 1762 per
317 1677 484 1742 Gabinium
495 1692 617 1742 ceteros
631 1677 854 1756 “conueniunt3
877 1677 919 1740 ab
934 1677 1079 1758 Lentulo,

170 1761 325 1850 Cethego,
348 1763 481 1842 Statilio,
504 1764 577 1826 item
599 1761 725 1841 Cassio,
748 1761 906 1846 postulant
922 1765 1080 1862 Jusjuran·

168 1845 251 1926 dum,
273 1848 357 1934 qnod
369 1851 521 1937 signatum
537 1847 576 1912 ad
593 1850 672 1912 civis
688 1849 864 1932 perferant:
886 1848 978 1911 aliter
995 1847 1083 1912 haud

169 1933 262 1995 facile
284 1955 339 1996 eos
363 1935 535 1998 adtentum
557 1934 713 2020 negotium
731 1931 848 2016 impelli
865 1951 970 2016 posse.
1015 1932 1080 1996 Ce-

169 2017 226 2080 teri
243 2017 317 2080 nihil
334 2039 385 2082 sus
411 2021 530 2083 icantes
547 2018 643 2096 dant:
665 2017 797 2080 Cassius
820 2028 918 2080 semet
933 2037 972 2080 eo
987 2015 1079 2082 brevi

163 2115 329 2166 uenturum
346 2040 521 2188 pollicetur,
537 2126 575 2168 ac
591 2102 697 2189 paullo
719 2112 791 2164 ante
805 2101 927 2188 legatos
943 2124 982 2166 ex
999 2103 1077 2167 urbe

168 2187 388 2272 proficiscitur.
433 2187 583 2254 Lentulus
614 2189 699 2274 [cum
724 2186 789 2272 hia]
817 2187 859 2252 Τ.
887 2187 1080 2254 Volturcium

169 2273 343 2360 quemdam,
378 2273 650 2355 ”Crotoniensem
686 2272 788 2351 mittit,
819 2275 862 2336 uti
892 2273 1078 2360 Allobroges

149 2359 266 2444 «prius,
290 2380 379 2446 quam
405 2360 528 2424 domum
550 2369 728 2445 pergerent,
750 2378 818 2420 cum
834 2357 983 2436 Catilina,
1006 2359 1082 2423 data

171 2458 201 2507 et
217 2457 347 2529 accepta
360 2444 431 2525 lide,
442 2448 623 2510 societatem
638 2445 867 2508 confirmarent.
913 2443 985 2526 lpse
1000 2443 1078 2511 Vol·

62 2575 64 2582 ·
169 2530 269 2593 turcio
285 2530 403 2594 litteras
426 2531 466 2596 ad
482 2531 650 2595 Catilinam
664 2529 729 2610 dat,
754 2547 880 2614 quarum
902 2527 1081 2613 exemplum

169 2615 250 2678 inira
266 2618 433 2702 scriptum:
456 2623 476 2656 “
492 2617 572 2697 Quis
588 2618 657 2695 sim,
679 2635 718 2679 ex
735 2634 774 2678 eo
795 2611 938 2698 quemad
953 2624 983 2676 te
998 2613 1081 2693 misi,

169 2721 354 2787 cognosces.
387 2702 451 2770 Fac
467 2703 640 2788 cogites,·in
678 2711 770 2764 uanta
782 2699 958 2762 calamitate
974 2699 1029 2777 sis,
1044 2711 1078 2767 et

170 2788 347 2854 memineris
372 2800 402 2852 te
428 2787 549 2868 virum5
571 2722 761 2866 consideres,
784 2783 951 2870 quidtuae
973 2785 1081 2856 tratio-

103 3091 110 3100 .
200 3057 227 3092 m
239 3045 461 3110 Dteeprotaeando.
493 3041 831 3112 Bydelaylng,puttingoff
838 3043 882 3094 the
894 3043 966 3094 time:

199 3123 216 3156 n
236 3111 392 3162 venundant.
425 3112 490 3162 This
502 3113 571 3174 verb,
583 3111 721 3178 governing
737 3113 781 3162 the
796 3109 950 3170 accusative,
971 3107 1084 3174 signitas

167 3179 195 3226 aa
207 3182 273 3225 meet
293 3177 364 3236 with,
381 3183 409 3226 to
421 3179 555 3238 assemble,
573 3179 617 3226 &c
633 3176 697 3226 with
710 3177 754 3228 the
765 3177 859 3235 dative,
877 3176 898 3224 it
912 3177 934 3226 is
951 3174 1081 3242 generally
1176 3197 1177 3220 ι

162 3235 231 3292 'used
244 3241 267 3290 in
278 3241 322 3290 the
332 3241 401 3290 third
409 3257 509 3306 person,
517 3244 566 3306 and
574 3241 694 3309 significa,
703 3244 725 3292 it
737 3257 825 3310 agrees
834 3241 906 3302 with,
916 3242 990 3304 suits,
998 3239 1088 3302 belite,
1176 3225 1177 3293 l

166 3307 354 3367 inconvenient,
363 3307 385 3356 is
397 3317 472 3358 meet.

198 3389 215 3420 o
230 3377 411 3424 oecumenem.
444 3375 548 3436 croton,
570 3390 601 3425 οι·
619 3376 738 3436 Crotona,
763 3389 815 3426 was
832 3374 877 3425 the
897 3387 969 3424 name
983 3369 1015 3422 ol*
1030 3377 1085 3421 two

166 3436 239 3485 emes
252 3441 277 3486 in
297 3441 386 3496 naum
402 3453 449 3488 one
468 3439 494 3488 in
518 3441 632 3500 umbra,
650 3439 821 3498 theomenes
836 3441 881 3494 the
898 3439 1036 3506 exueuity
1054 3435 1088 3488 or·

166 3501 290 3560 calabria,
302 3505 351 3552 and
364 3519 420 3554 now
431 3503 516 3554 culed
527 3507 657 3556 Crottnne.

187 3572 215 3629 ‘p
227 3567 352 3619 aarum.
387 3572 456 3620 Your
471 3567 675 3628 emesenum
