2392 4042
153 201 200 266 δῦ
422 189 596 267 &sucosam
619 197 796 288 Carrumh.

152 375 220 418 rum
247 350 344 429 fortia,
367 365 514 416 noveram
551 371 590 416 ea
626 331 898 416 commemorando
934 347 1060 414 militum

153 439 271 504 animos
286 436 492 503 accendebat.
612 442 614 448 '

195 521 265 586 LX.
289 519 356 586 Seu
371 521 437 600 ubi,
452 523 546 588 rebus
560 522 702 586 omuibus
721 521 905 606 exploratis,
921 521 1062 586 Petreius

152 607 225 672 tuba
240 608 360 692 signum
372 607 446 696 5¹³¹ss
456 609 592 672 cohortis
618 607 779 692 'paullatim
794 607 941 671 incedere
951 607 1062 692 jubet:
1159 619 1160 654 1

151 691 233 758 idem
257 689 334 756 facit
359 694 491 758 hostium
514 695 684 758 exercitus.
729 693 897 778 Postquam
922 713 963 756 eo
989 713 1062 758 ven·

149 791 222 858 tum,
249 777 366 842 untlea
389 780 564 842 ferentariis
591 779 741 864 praelium
768 778 919 842 committi
945 788 1062 862 posset,

148 883 295 928 maxumo
317 863 465 940 clamore,
486 885 569 928 rcum
592 865 711 927 infestis
735 864 833 950 signis
855 865 1065 940 concurrunt,

148 949 215 1034 pila
231 951 393 1027 omittunt3
415 948 528 1034 gladiis
551 970 600 1012 res
622 950 751 1034 geritur.
798 948 959 1025 Veterani,
985 948 1063 1035 pris-

149 1036 233 1098 tinae
257 1035 378 1097 virtutis
401 1055 563 1110 memores,
587 1034 756 1096 comminus
778 1034 895 1096 acriter
920 1033 1064 1110 instare3
1159 1035 1160 1100 j

148 1119 193 1182 illi
223 1117 305 1182 haud
335 1115 435 1182 timidi
464 1119 635 1182 resistunt:
672 1137 815 1182 maxuma
852 1117 884 1180 ui
912 1129 1062 1182 certatur.

150 1205 272 1268 Interea
294 1202 433 1268 Catilina
455 1225 524 1267 cum
547 1201 704 1288 expeditis
726 1203 756 1266 in
780 1201 880 1286 prima
902 1203 970 1264 acie
992 1223 1071 1264 ver-¹

151 1291 225 1370 sari,
246 1288 463 1354 laborantibus
486 1305 677 1366 succurrere,
704 1288 842 1372 integros
869 1309 932 1370 pro,
948 1287 1063 1350 sauciis
1090 1361 1095 1384 ,

149 1385 324 1440 ‘arcessere
337 1400 346 1453 ς
361 1375 463 1438 omnia
480 1373 669 1456 providere;
685 1371 811 1436 multum
826 1374 895 1454 ipse
911 1391 1063 1456 pugnare,

150 1479 246 1544 saepe
269 1458 389 1521 hostem
405 1460 518 1527 ferire:
542 1457 659 1522 strenui
681 1455 798 1536 militie,
821 1469 852 1519 et
875 1457 950 1520 boui
966 1459 1064 1541 impe·

148 1544 260 1606 ratoris
290 1542 392 1606 officia
415 1542 506 1608 simul
528 1541 770 1628 exsequebatur.
827 1543 980 1620 Petreius,
1010 1541 1064 1604 ubi

148 1627 235 1694 videt
263 1625 442 1705 Catilinam,
471 1642 580 1692 contra
609 1649 647 1692 ac
676 1641 763 1690 ratus
791 1641 867 1706 erat,
897 1649 1009 1713 magna
1033 1628 1063 1688 vi

149 1713 289 1791 tendere,
310 1713 469 1776 cohortem
493 1715 682 1796 praetoriam
705 1713 736 1776 in
759 1713 879 1776 medios
901 1713 1000 1776 hostis
1017 1713 1080 1775 in·-

149 1798 261 1876 ducit3
285 1819 340 1861 eos
365 1798 561 1882 perturbatos
577 1811 669 1882 atque
692 1797 771 1860 aiios
790 1798 865 1860 alibi
881 1799 1063 1860 resistentes

150 1883 315 1962 interficit3
337 1881 451 1946 deinde
467 1883 615 1968 utrimque
631 1903 672 1944 ex
688 1881 836 1946 lateribus
851 1880 1060 1966 eadgreditur.
1094 1893 1097 1898 '
1159 1889 1160 1932 t

151 1967 287 2032 Manlius
302 1981 334 2034 et
349 1967 539 2032 Faesulanus
555 1969 585 2031 in
609 1967 716 2052 primis
739 1979 912 2052 pugnantes
935 1965 1063 2030 cadunt.
1159 1999 1160 2040 3

149 2054 318 2136 ‚Postquam
333 2054 416 2116 fusas
437 2055 559 2137 copias,
582 2073 676 2137 seque
699 2072 768 2114 cum
791 2051 902 2134 paucis
921 2051 1063 2114 relictum
1159 2049 1160 2054 ’

142 2137 235 2201 'uidet
259 2137 407 2215 Catilina,
430 2159 547 2203 memor
568 2136 692 2224 generis
715 2149 807 2222 atque
830 2136 979 2220 pristinae
995 2136 1062 2222 dig·
1159 2133 1160 2192 ἦ

150 2223 266 2300 nitatis,
294 2223 340 2285 sin
370 2223 622 2302 confertissumos
653 2223 758 2286 hostes
788 2222 926 2300 incurrit,
955 2221 1061 2308 ibique

151 2331 293 2394 pugnans
310 2307 496 2372 confoditur.
914 2327 919 2338 ·

194 2393 281 2456 LXl.
308 2393 386 2470 San,
408 2393 553 2456 confecto
576 2391 706 2477 praelia,
730 2404 791 2455 tum
813 2413 889 2455 vero
904 2413 1059 2467 cerneres,

151 2492 265 2564 quauta
281 2476 425 2553 audacia,
448 2491 625 2564 quantaque
648 2477 745 2541 animi
767 2477 814 2540 vis
837 2477 943 2540 fuisset
961 2479 989 2540 in
1006 2500 1059 2540 ex·
1159 2477 1160 2492 ¹

151 2565 248 2629 ercitu
278 2562 458 2632 Catilinae..
492 2561 573 2626 Nam
603 2564 678 2640 fere,
708 2563 946 2645 quem'quisque
974 2577 1060 2648 'pug-

151 2649 256 2716 nando
272 2647 372 2712 locum
393 2662 532 2730 ceperat,
555 2669 635 2724 eum,
657 2648 770 2708 amissa
793 2648 905 2724 anima,
929 2668 1060 2732 corpore
1159 2675 1160 2694 .

184 2856 199 2889 n
220 2843 286 2891 Cum.
317 2837 382 2888 This
395 2805 549 2902 prepositiou
560 2835 706 2902 designatas
717 2836 762 2888 the
774 2836 841 2901 style
852 2837 902 2888 aad
918 2839 1062 2891 manner-of
1159 2817 1160 2852 3

151 2907 263 2958 Sallust;
276 2903 404 2969 thoughts
415 2907 436 2953 is
450 2904 509 2953 here
521 2917 696 2966 unnecessary.
1159 2903 1160 2928 r

184 2986 201 3019 o
217 2973 352 3018 Accessere.
384 2972 413 3018 lu
425 2985 495 3020 some
510 2969 584 3018 other
602 2968 710 3017 editions
730 2985 861 3029 accersere,
872 2971 955 3021 which
967 2972 989 3020 is
1006 2970 1058 3024 less

89 3117 93 3120 ·
148 3049 380 3167 'prbpefilgrcditua
412 3098 505 3149 Before
513 3099 595 3149 wltich
605 3098 707 3148 insome
715 3099 823 3148 editions
835 3100 856 3149 is
866 3100 943 3151 found
954 3114 1041 3154 ceteros
1046 3128 1057 3161 ,-

151 3170 200 3220 hut
207 3168 230 3218 it
238 3169 259 3216 is
268 3169 313 3212 not
324 3163 464 3227 absolutely
473 3179 612 3229 necessary.

186 3251 204 3301 q
220 3236 251 3283 In
262 3228 452 3296 coaffectiasumos
462 3232 546 3290 hostes,
559 3231 603 3279 &c
636 3229 675 3280 He
686 3229 775 3280 rushes
792 3231 845 3280 into
853 3232 899 3282 the
909 3233 1022 3285 th'ckest
1032 3235 1062 3285 uf

153 3301 199 3414 mi
208 3313 361 3426 efflas.
391 3359 508 3410 another
517 3359 624 3412 editions
636 3365 707 3416 moos
713 3366 852 3427 postumae.
888 3368 962 3416 Vrbes
977 3381 1058 3417 seems

143 3441 319 3492 usuececsaey
331 3435 358 3476 to
370 3425 413 3478 the
421 3440 501 3475 sense.
802 3447 804 3454 v
