2392 4042
408 279 583 344 Sarnusru
606 277 783 344 Gemmas.
824 314 827 326 t
1035 289 1078 344 5.

135 433 289 516 *carptim
313 441 346 494 ut
374 451 516 518 quaeque
553 431 702 496 memoria
731 427 826 516 digna
856 426 1053 508 videbantur,

137 516 333 604 perscribere
348 539 356 579 ε
372 528 412 580 'eo
427 518 537 616 magis,
553 516 636 603 quod
648 516 722 581 mihi
737 537 837 600 aspe,
852 527 945 592 metu,
960 531 1053 598 upar-

139 603 222 666 tibus
236 601 430 686 reipublicae
446 623 567 668 animus
582 602 757 666 liberarat.
802 600 900 686 lgitur
910 598 950 663 de
966 599 1053 666 Cati·

139 687 220 752 linae
245 687 472 774 conjuratione,
489 709 581 774 quam
607 689 778 752 verissume
793 698 915 772 potero,
929 689 1053 770 ”paucis

137 767 319 836 absolvam:
347 793 419 837 nant
445 773 477 836 id
493 775 614 838 facinus
639 775 670 837 in
697 771 804 857 primis
827 791 887 870 ego
902 791 1054 836 memora·

135 855 199 922 bile
215 859 381 937 existumo,
394 857 523 922 sceleris
536 871 628 944 atque
644 855 776 944 periculi
792 867 942 920 novitate.
986 855 1057 924 Dee

96 972 106 989 ·
134 945 222 1030 cujus
237 944 371 1008 hominis
384 944 522 1009 moribus
535 965 636 1031 pauca
653 944 739 1030 prius
755 940 957 1028 explananda
972 957 1052 1025 sunt,

56 1108 58 1114 Ι
131 1051 227 1116 quam
243 1030 362 1093 initium
378 1029 526 1094 narrandi
541 1032 667 1095 faciam.

176 1115 219 1178 V.
243 1114 371 1178 Locrus
387 1115 563 1192 (lauturus,
588 1113 701 1180 ‘nobili
717 1135 832 1201 genere
849 1125 950 1199 natus,
965 1129 1052 1196 mag·

132 1220 174 1263 na
190 1201 223 1262 vi
238 1213 268 1263 et
284 1201 379 1264 animi
394 1215 426 1265 et
447 1204 601 1287 eorporis,
617 1199 674 1266 sed
699 1201 824 1287 ingenio
841 1199 923 1264 malo
938 1217 1052 1285 pravo·

133 1305 207 1369 que.
252 1285 335 1348 Huic
353 1285 395 1348 ab
410 1284 625 1350 adolescentia
640 1284 725 1349 bella
752 1285 909 1361 intestina,
925 1283 1051 1360 eaedes,

131 1369 276 1453 rapinae,
302 1368 462 1435 discordia
488 1371 602 1450 civilis,
619 1383 708 1456 grata
731 1371 840 1450 suere;
861 1370 981 1456 sibique
1003 1371 1053 1455 ju·

132 1467 289 1520 ventutem
312 1477 398 1524 suam
414 1460 569 1522 exercuit.
614 1457 739 1542 Corpus
753 1456 893 1541 aperiens
916 1453 1051 1531 inediae,

131 1539 271 1624 vigiliae,
298 1541 426 1628 algoris,
453 1565 546 1627 supra
572 1563 665 1628 quam
680 1542 791 1627 cuique
814 1535 968 1605 credibile
984 1551 1052 1606 est:

134 1625 255 1688 animus
270 1627 386 1704 audax,
414 1628 574 1706 subdolus,
597 1629 723 1706 'varium
739 1628 828 1714 cujus
848 1627 895 1692 rei
911 1625 989 1690 libet
1003 1625 1053 1690 ¹si-

134 1707 270 1771 mulator
284 1729 323 1770 ac
346 1709 580 1774 dissimulator:
606 1711 702 1774 alieni
729 1727 895 1795 appetens,
911 1711 959 1776 sui
983 1731 1054 1796 pro·

134 1794 232 1871 susus,
262 1793 376 1857 ardens
407 1795 437 1857 in
469 1793 720 1877 cupiditatibus:
751 1796 828 1858 satis
856 1795 1060 1880 loquendae„

135 1878 312 1962 sapientiae
329 1900 451 1963 parum.
497 1879 614 1944 Vastus
641 1879 761 1942 animus
779 1878 993 1959 immoderata,
1009 1880 1054 1943 in-

134 1961 309 2041 credibilia,
327 1965 417 2028 nimis
434 1963 497 2029 alta
514 1984 579 2028 sem
605 1985 641 2028 er
655 1965 816 2050 cupiebat.
848 1964 966 2044 Hunc,
983 1977 1055 2052 post

133 2048 375 2114 dominationem
401 2051 508 2114 uLucii
537 1989 653 2128 Sullae,
670 2050 779 2115 lubido
804 2071 950 2116 maxuma
965 2057 1053 2116 iniia-

132 2131 218 2198 serat'
241 2134 436 2220 reipublicae
450 2136 651 2222 capiundae3
677 2158 789 2223 neque,
805 2137 837 2201 id
860 2137 971 2223 quibus
987 2159 1052 2202 mo·

132 2217 182 2282 dis
208 2217 442 2306 adsequeretur,
469 2223 541 2287 dum
565 2223 626 2286 sibi
641 2243 770 2306 regnum
798 2237 934 2307 pararet,
951 2223 1052 2309 'quid-

132 2325 223 2392 quam
234 2307 326 2391 pensi
338 2301 489 2374 habebat.
534 2307 722 2396 Agitabatur
732 2310 832 2396 magis
845 2311 1007 2394 magisque
1020 2311 1052 2372 in

162 2476 172 2526 l
197 2472 313 2542 carptim.
346 2483 386 2545 By
405 2481 491 2544 pisces
511 2495 541 2531 er
560 2480 670 2546 parcels,
690 2479 837 2544 piecemeal.
877 2479 971 2529 others
991 2479 1054 2530 read

132 2547 242 2604 strictim,
255 2543 351 2610 brielly.
408 2591 411 2600 ,

163 2625 188 2658 m
203 2613 350 2661 Partibuar
368 2615 373 2626 '
390 2615 477 2663 ablicae.
512 2611 752 2662 Politicaldactions
765 2627 794 2660 or
805 2611 908 2676 parties.
940 2611 997 2661 The
1013 2627 1054 2662 co·

130 2675 253 2737 pulative,
264 2684 292 2726 ta
305 2679 361 2727 avoi
392 2677 506 2739 flatness,
517 2678 539 2728 is
552 2677 697 2743 frequently
709 2677 818 2727 omitted
827 2677 859 2742 by
872 2692 919 2728 our
931 2675 1030 2728 audior.

164 2753 180 2788 n
197 2745 292 2791 Parlais
304 2746 431 2794 abromum.
463 2747 641 2796 Narrationem
653 2760 683 2794 or
695 2747 818 2794 Materiam
828 2742 992 2793 understood.

149 2819 180 2853 ·o
196 2808 289 2854 Nobili.
321 2810 435 2859 Cataline
446 2812 498 2858 t'vas
511 2827 526 2858 a
537 2811 664 2860 Patrician
677 2810 708 2860 ol
716 2811 857 2860 manetem
863 2807 962 2874 ¹family.

161 2884 180 2938 p
197 2873 246 2934 iii,
279 2871 368 2922 Taken
380 2871 420 2924 for
431 2877 458 2924 in
468 2877 512 2933 aia,
523 2890 552 2922 or
563 2879 590 2924 iu
599 2879 648 2924 iiii·
658 2878 737 2924 redae.

161 2953 180 3003 q
196 2941 308 2990 Patimur.
350 2940 392 2988 An
411 2938 540 3007 adjective
559 2954 635 3006 noun,
658 2941 716 2992 able
735 2947 764 2990 to
782 2938 895 2999 endure;
916 2946 1053 3008 petieras

127 3003 272 3069 participle,
286 3001 419 3072 suffering.
762 3060 767 3072 ,
954 3017 958 3026 ’

158 3085 173 3118 r
190 3075 284 3121 Varius.
320 3073 433 3136 capable
443 3073 476 3123 of
482 3071 614 3138 assuming
625 3088 673 3138 any
685 3072 765 3138 shape
775 3087 806 3122 or
814 3071 954 3126 character.

162 3148 175 3182 s
194 3138 332 3195 Simulata,
346 3140 392 3190 &c
427 3143 556 3201 Simulare,
569 3146 597 3190 to
609 3137 717 3206 pretend
728 3147 755 3191 to
765 3140 798 3192 be
809 3140 878 3191 what
888 3158 935 3194 one
949 3144 970 3194 is
987 3150 1048 3202 ηας

130 3197 484 3262 ὥείηιιιίανο,ῖοᾶὶεεεπιὸ1ε.
643 3217 646 3234 '

128 3269 334 3384 ‘dltflmmlffl
367 3275 391 3324 A
403 3273 489 3325 better
499 3273 607 3340 reading
618 3273 679 3324 thau
690 3277 835 3339 eloquentie,
847 3273 926 3326 found
942 3275 968 3323 in
980 3289 1050 3326 some

163 3349 248 3395 irone.
1016 3390 1018 3398 ,

160 3413 179 3450 ιι
194 3403 270 3452 Lucii
291 3404 373 3462 Salia.
405 3406 500 3458 Lucius
521 3407 593 3458 Sulla
612 3407 727 3473 usurped
745 3407 795 3458 and
812 3405 921 3476 enjoyed
939 3404 983 3456 the
995 3419 1054 3470 pera

127 3468 216 3530 petual
229 3467 407 3534 dictatorship.

159 3543 175 3582 v
199 3536 336 3604 ommni
343 3541 423 3606 pensi,
436 3539 482 3592 &a
513 3538 782 3673 Norbdigheregard
