2392 4042
298 32 307 52 ¹v

291 59 296 71 Ι

209 26 269 203 λ

152 388 279 461 ceptum
301 389 376 456 erat,
399 377 510 464 laqueo
533 378 636 466 gulam
661 379 706 444 sre
730 402 794 444 ere.
841 380 885 444 lta
903 379 956 444 ille
971 379 1065 464 patri·

151 463 231 542 cius,
247 484 287 525 ex
301 461 480 528 clarissuma
496 477 590 550 gente
605 405 833 543 Corneliorum,
867 466 919 551 qui
950 461 1062 528 cunsu-

154 546 220 610 lare
255 549 414 632 imperium
437 549 559 614 Romae
589 550 751 630 habuerat,
779 550 906 639 dignum
929 548 1067 614 moribus

155 633 304 720 factisque
328 635 392 698 suis
419 637 538 697 exitum
563 639 647 698 vitae
670 636 802 698 invenit.
847 635 897 699 De
911 634 1065 720 Cethego,

152 719 285 798 Statilio,
297 721 448 798 Gabinio,
460 719 632 805 Caepario,
648 719 759 784 eodem
774 719 865 785 modo
880 720 1066 806 supplicium

149 821 295 870 sumtum.

194 893 281 956 LVl.
320 891 399 954 Duu
439 913 476 954 ea
511 889 633 955 Romae
665 901 823 978 geruntur,
859 890 996 957 Catilina
1025 905 1066 956 ex

149 981 233 1042 omni
249 979 368 1062 scopia,
391 999 481 1063 quam
508 991 539 1040 et
568 979 637 1062 ipse
666 977 852 1058 adduxerat,
879 989 910 1041 et
931 975 1066 1042 Manlius

149 1065 313 1142 habuerat,
343 1063 420 1126 duas
450 1062 591 1150 legiones
619 1063 781 1143 ¹instituit3
817 1063 973 1142 cohortes,
1010 1082 1068 1146 pre

150 1148 434 1226 numeromilitum,
454 1148 610 1232 complet:
642 1148 768 1228 deinde,
797 1162 830 1214 ut
858 1151 986 1235 quisque
1012 1169 1067 1211 vo·

150 1234 314 1308 hlotarius,
339 1247 393 1294 aut
416 1253 457 1293 ex
483 1234 578 1295 sociis
604 1234 636 1295 in
662 1247 764 1297 castra
786 1237 882 1308 vemt,
896 1231 1068 1319 aequaliter

152 1316 357 1383 distribuerat
369 1343 378 1395 3
393 1337 431 1378 ac
445 1317 532 1380 brevi
545 1315 649 1402 spatio
661 1315 800 1404 legiones
814 1331 955 1382 'numero
971 1318 1067 1380 homi·

150 1425 224 1470 uum
246 1403 442 1487 expleverat,
472 1424 542 1466 cum
572 1404 661 1466 initio
692 1425 752 1468 non
782 1402 918 1487 amplius
947 1401 1068 1464 duobus

144 1488 291 1562 millibus
317 1488 488 1553 habuisset.
548 1487 612 1552 Sed
642 1509 683 1552 ex
713 1489 796 1554 omni
825 1487 917 1573 copia
944 1485 1070 1551 circiter

149 1595 224 1659 pars
241 1588 348 1657 quarta
366 1589 433 1638 erut
447 1572 633 1637 militaribus
649 1575 743 1638 armis
758 1575 905 1640 instructa
922 1597 931 1653 ς
961 1573 1068 1648 ceteri,

108 1725 113 1736 ,
150 1670 185 1720 ut
201 1677 353 1740 quemque
378 1679 469 1720 casus
492 1671 679 1735 armaverat,
707 1661 846 1743 lsparos,
862 1671 914 1723 aot
930 1658 1071 1731 lanceas,

144 1741 425 1826 ¹-aliispraeacutas
452 1738 545 1804 sudes
567 1742 746 1825 portabant.
772 1811 774 1816 ,
805 1741 878 1819 Sed,
909 1755 1071 1830 postquam

135 1825 306 1901 ,Antonius
336 1846 405 1889 cum
438 1826 581 1890 exercitu
610 1823 811 1906 adventabat,
848 1825 986 1892 Catilina
1016 1850 1071 1914 per

137 1924 272 1999 'montes
288 1910 348 1976 iter
363 1911 477 1989 lacere,
503 1910 544 1974 ad
560 1909 669 1978 urbem
695 1911 798 1992 modu,
817 1911 917 1979 modo
941 1914 972 1978 io
993 1915 1069 1981 Gal·

148 1997 223 2064 liam
247 2001 372 2062 “versus
402 2009 506 2062 castra
534 1999 847 2079 movereshostibus
870 2000 1070 2084 occasionem

136 2079 310 2172 'pugnandi
321 2103 383 2144 non
393 2082 489 2160 dare;
512 2085 664 2168 sperabat
676 2107 775 2172 prope
787 2085 870 2150 diem
881 2101 964 2152 esese
980 2086 1068 2154 habi·

105 2171 134 2237 ‘J
149 2182 261 2244 turum,
277 2167 303 2232 si
319 2166 440 2233 Romae
466 2170 544 2232 secli
564 2171 695 2254 incepta
721 2172 941 2256 patravissent.
987 2176 1068 2239 lote-

147 2274 204 2320 rea
220 2253 348 2318 servitia
373 2252 571 2340 repudiabat,
596 2257 694 2342 fcujus
720 2258 809 2322 initio
834 2257 966 2322 adeum
981 2279 1066 2346 usag-

145 2359 208 2405 nae
224 2339 337 2426 copiae
352 2339 592 2422 concurrebant,
617 2342 731 2428 opibus
758 2345 981 2429 conjurationis
1006 2347 1066 2408 lve-

423 225 597 290 Stuuusrtt
620 223 811 294 cartennis
1025 233 1065 304 63

146 2557 255 2604 medices
267 2569 348 2602 remam
371 2559 521 2619 capitolium,
540 2551 588 2602 tlte'
609 2556 802 2605 executionem:
826 2550 907 2618 lirese,
930 2571 960 2606 or
982 2552 1066 2608 words

144 2620 300 2684 «luivalent,
312 2634 380 2668 seem
392 2635 526 2682 necessary
538 2626 566 2666 to
578 2621 623 2668 the
635 2637 715 2670 sense.

179 2699 197 2746 y
217 2686 299 2746 copto.
332 2687 485 2736 Numberor
497 2685 583 2743 soraee
601 2685 795 2753 asignificution
811 2684 895 2736 ethich
907 2687 1066 2752 coptu'rarely

148 2747 244 2799 admits
256 2749 282 2795 in
293 2748 338 2796 tlre
350 2751 464 2815 singular
479 2751 594 2802 nuntber.

181 2830 197 2862 z
215 2814 334 2861 notities.
366 2818 406 2862 He
423 2814 529 2862 formed.

180 2897 196 2930 a
212 2879 331 2930 Numero.
365 2879 422 2928 The
434 2879 519 2943 legion
538 2880 672 2932 contained
692 2880 812 2943 different
832 2882 950 2936 numbers
968 2884 999 2934 of
1010 2896 1067 2937 mett

147 2953 175 2998 at
186 2942 401 3006 differenttimes,
411 2942 477 2994 froin
487 2947 553 2995 3000
565 2952 592 2994 tu
605 2949 675 2997 6000.
705 3007 709 3012 ¹
935 2967 940 2976 ·

180 3013 315 3077 nepam.
350 3015 451 3077 Spears,
463 3026 501 3072 ur,
514 3028 541 3062 as
554 3027 624 3064 some
636 3014 718 3074 think,
730 3013 809 3064 darts.
971 3055 979 3068 .

180 3095 196 3128 c
213 3083 359 3130 Praeucutuu
367 3083 446 3130 sadra
480 3081 578 3140 Staves,
587 3081 673 3130 stanes
682 3096 711 3132 or
719 3081 790 3146 poles
802 3081 905 3146 pointed
916 3093 943 3134 nt
953 3085 997 3137 the
1008 3085 1065 3137 end.

180 3144 314 3196 averem.
345 3147 436 3197 'l'akcn
448 3145 615 3212 adverbially.'

181 3213 273 3261 eSese
289 3214 432 3263 laubiensem.
482 3215 634 3264 Occasionem
655 3216 784 3278 pttgrtumli
806 3214 881 3283 being
903 3213 1066 3276 understood,

149 3277 224 3328 Some
235 3277 345 3328 editions
356 3279 420 3329 have
433 3295 537 3343 mugnus
546 3283 627 3344 coplas
638 3283 781 3332 latiturum.

181 3344 196 3394 f
211 3346 294 3410 cipue.
331 3347 433 3394 Germe
443 3345 520 3410 being
531 3347 701 3405 understood;
719 3363 748 3398 or
760 3354 829 3414 cujm
841 3345 943 3406 servitii,
954 3346 1068 3414 singular

147 3409 354 3526 iefilmiessseing
366 3410 511 3463 sometimes
523 3410 635 3464 referred
655 3419 682 3464 tu
697 3414 832 3466 collective
855 3409 1017 3482 antecedepts
1035 3411 1067 3460 -iu

178 3491 264 3541 epus
291 3514 296 3525 .
397 3515 399 3520 ,
428 3495 432 3506 ·
