2392 4042
154 203 194 258 38
426 198 600 260 Sauuusrtr
623 195 801 260 Ceramus.

152 359 245 432 quam
256 345 355 414 minus
369 345 475 412 valete
491 347 562 433 ipsi,
577 344 747 414 malebant.
786 345 822 411 ld
836 345 933 412 tadeo
955 345 1067 412 malum

153 431 267 509 multos
302 443 351 496 ost
364 451 463 496 annos
476 433 507 498 in
521 434 679 497 civitatem
694 445 880 499 reverterat.

196 516 257 586 XX
290 516 378 582 Vlll.
423 517 513 596 Nau,
542 531 723 604 postquam,
762 517 824 582 Cn.
854 519 1009 602 Pompeio
1040 529 1072 582 et

153 601 200 668 M.
217 599 336 666 Crasso
350 601 543 681 consulibus,
565 603 741 666 ‘tribunicia
764 616 903 688 potestas
920 603 1075 681 restituta,

151 685 294 752 homiues
316 685 547 768 adolescentes,
571 687 735 772 [summam
759 702 945 774 potestatem
968 687 1071 774 nacti]

151 770 265 870 quibus
295 787 385 838 aetas
412 773 593 861 animusque
625 774 726 852 ferox,
759 795 905 860 coepere,
928 785 1074 838 senatum

112 901 115 904 -
152 857 359 937 criminando,
400 858 525 943 plebem
561 859 749 958 exagitare,
786 858 870 938 dein,
906 857 1074 960 largiundo
1162 937 1163 942 ἵ

152 953 247 1027 atque
264 943 480 1029 pollicitando,
502 965 601 1028 magas
624 944 818 1024 incendere3
842 946 884 1008 ita
908 965 969 1030 ipsi
991 943 1073 1007 clari

153 1041 360 1113 potentesque
382 1029 462 1092 fieri.
506 1027 625 1092 Contra
653 1049 709 1092 eos
732 1043 850 1094 summa
873 1052 936 1114 ope
953 1028 1076 1092 niteba-

153 1116 227 1180 tur*
252 1111 379 1199 leraque
395 1111 553 1191 nobilitas,
574 1115 683 1178 ¹senati
706 1115 825 1200 specie,
842 1136 900 1200 pro
915 1135 970 1178 sua
987 1135 1038 1178 ma
1063 1149 1076 1164 ·

153 1134 308 1263 situlae.
353 1198 508 1284 llamque,
530 1199 575 1262 uti
598 1199 708 1284 paucis
729 1199 925 1279 ”absolvam
948 1221 1007 1284 per
1021 1135 1076 1262 illa

153 1291 296 1366 tempora
326 1285 511 1370 quicumque
551 1283 780 1368 rempublicam
811 1285 984 1372 agitavere,
1017 1284 1075 1348 ho·

151 1367 468 1448 nestismominibus,
497 1368 562 1446 alii,
585 1369 676 1434 sicuti
702 1369 809 1454 populi
827 1373 901 1456 jura
924 1369 1074 1434 desende-

153 1463 235 1528 rent,
266 1472 351 1536 pars,
374 1474 438 1538 quo
470 1455 571 1517 senati
603 1456 775 1518 auctoritas
808 1476 953 1520 maxuma
983 1456 1079 1533 forat,

154 1534 272 1600 bouum
297 1535 455 1621 publicum
482 1537 674 1618 simulantes,
704 1560 765 1624 pro
785 1561 841 1604 sua
865 1541 993 1627 quisque
1019 1562 1080 1622 po-

154 1621 263 1684 tentia.
286 1622 474 1686 certabant:
498 1644 598 1721 neque
631 1621 797 1702 modestia,
835 1647 934 1712 neque
965 1625 1077 1689 modus

155 1707 365 1772 contentionis
388 1719 480 1772 erat:
503 1721 625 1794 utrique
651 1710 816 1774 uictoriam
838 1711 1078 1776 crtuleliterex·
1150 1775 1155 1791 ,

156 1793 319 1856 arcebant.

199 1875 348 1940 XXXIX.
394 1879 473 1959 San,
496 1891 659 1964 postquam
683 1879 744 1942 Cn.
768 1879 937 1963 Pompeius
951 1877 992 1941 ad
1009 1877 1079 1941 bel·

155 1957 218 2026 lum
256 1962 465 2028 maritimum
509 1978 601 2050 atque
630 1962 898 2028 rttithrtdaticum
936 1965 1081 2044 missus5·

155 2043 361 2129 plebisopes
385 2049 574 2128 imminutae,
598 2069 768 2134 paucorum
791 2051 931 2134 potentia
960 2049 1075 2115 crevit.

112 2187 116 2193 ,
156 2126 200 2198 Hi
223 2133 433 2218 magistratus,
457 2136 648 2219 provincias,
671 2135 794 2219 aliaque
819 2137 922 2200 omnia
947 2149 1078 2202 tenere:

156 2213 219 2296 ipsi
242 2215 389 2296 titrnoxii,
412 2219 569 2298 florentes,
593 2223 661 2285 siue
684 2234 767 2285 metu
789 2235 924 2284 aetatem
955 2241 1077 2304 agere;

157 2317 280 2366 ceteros
302 2301 437 2388 rjudiciis
463 2316 592 2384 terrere,
614 2327 677 2390 quo
699 2304 823 2389 plebem
841 2306 872 2368 iu
894 2309 1079 2391 magistratu

188 2527 207 2578 h
222 2528 290 2580 aueo
301 2533 396 2580 melam
427 2531 498 2581 'rrae
508 2546 537 2580 so
546 2535 620 2598 great
630 2529 689 2579 evil.

157 2664 190 2714 27

156 2793 232 2846 other
243 2797 342 2846 author.

190 2595 199 2643 i
217 2596 361 2649 Tribunicio
371 2605 485 2662 potestur.
517 2599 565 2648 See
581 2599 730 2657 Jusuurus,
746 2602 854 2646 noteou
868 2596 989 2655 triduanae,
1006 2595 1084 2661 chap.
1162 2655 1163 2662 ἵ

189 2696 208 2776 lc
224 2728 355 2792 Pleraque.
388 2729 491 2781 Seldom
513 2727 578 2780 used
594 2727 621 2778 in
640 2727 685 2778 the
706 2727 822 2794 singular
842 2725 950 2778 number
971 2726 1006 2792 by
1030 2743 1079 2794 any

191 2861 399 2928 lSenattspecte.
428 2861 515 2912 Under
531 2858 1078 2926 thepretenceofsupportingtlaediguity
1162 2869 1163 2926 t

60 2993 61 2998 1
133 2996 134 2999 ¹
157 2927 208 2976 and
215 2929 320 2978 interest
331 2930 363 2980 of
369 2931 413 2979 the
425 2936 519 2980 senate.

189 3007 216 3040 ιιι
224 2995 359 3044 absolvam.
393 2999 421 3044 Ιιι
433 3010 504 3046 sorae
513 2993 623 3044 editione
635 2992 736 3044 wcflnd
743 3011 827 3046 aarum
835 2996 964 3043 absolvam.

189 3071 206 3106 u
224 3059 373 3110 manantem.
408 3064 535 3110 Praexta.

189 3139 206 3186 o
222 3125 383 3174 Materianum.
416 3126 473 3176 The
490 3124 616 3177 maritime
628 3140 681 3176 wat·
696 3125 798 3191 against
813 3125 858 3176 the
875 3124 1005 3186 Ciliciens,
1020 3139 1085 3189 sup·-

158 3189 251 3256 ported
262 3188 296 3256 by
308 3189 482 3251 Mithridates,
497 3191 583 3242 called
595 3191 649 3241 also
661 3191 705 3240 the
713 3192 832 3256 piratieal
844 3207 904 3241 war.

190 3273 208 3322 p
225 3258 430 3309 Mtlriduts'cum.
464 3257 520 3307 The
529 3271 582 3307 war
591 3257 652 3306 with
662 3257 837 3318 Mithridates,
847 3257 911 3324 king
919 3257 950 3307 os
958 3261 1062 3306 Pontus.

189 3339 208 3388 q
225 3329 332 3375 Innoeii.
362 3322 602 3400 Takenpassivelya
617 3323 731 3382 unhurta
748 3323 849 3391 though
862 3325 906 3375 the
919 3323 988 3374 word
995 3325 1016 3371 is
1027 3321 1080 3372 fce-
1162 3351 1163 3358 ι

157 3390 265 3453 quently
276 3390 340 3440 used
351 3388 468 3454 actively,
478 3389 530 3438 and
540 3393 560 3438 si
598 3387 652 3441 ates
664 3391 790 3441 innocent.

190 3457 331 3509 rruatcue.
364 3457 403 3520 By
413 3455 567 3529 meuacutglt
585 3471 627 3508 em
637 3457 699 3508 nith
710 3457 784 3508 trials
792 3473 823 3510 or
833 3455 1016 3522 prosecutione.
1073 3469 1076 3475 ·
1162 3451 1163 3462 ¹
