<?xml version="1.0" encoding="UTF-8"?>
<!DOCTYPE html PUBLIC "-//W3C//DTD XHTML 1.0 Transitional//EN"
    "http://www.w3.org/TR/xhtml1/DTD/xhtml1-transitional.dtd">
<html xmlns="http://www.w3.org/1999/xhtml" xml:lang="en" lang="en">
 <head>
  <title>
</title>
<meta http-equiv="Content-Type" content="text/html;charset=utf-8" />
  <meta name='ocr-system' content='tesseract 3.04.00' />
  <meta name='ocr-capabilities' content='ocr_page ocr_carea ocr_par ocr_line ocrx_word'/>
</head>
<body>
  <div class='ocr_page' id='page_1' title='image "bellicatilinari00sallgoog_0088.png"; bbox 0 0 2392 4042; ppageno 0'>
   <div class='ocr_carea' id='block_1_1' title="bbox 416 205 1069 300">
    <p class='ocr_par' dir='ltr' id='par_1_1' title="bbox 416 205 1069 300">
     <span class='ocr_line' id='line_1_1' title="bbox 416 205 1069 300; baseline -0.02 -11"><span class='ocrx_word' id='word_1_1' title='bbox 416 225 590 290; x_wconf 74' lang='lat' dir='ltr'><strong>Ssunusuu</strong></span> <span class='ocrx_word' id='word_1_2' title='bbox 614 217 808 292; x_wconf 77' lang='lat' dir='ltr'><strong>Jueunust.</strong></span> <span class='ocrx_word' id='word_1_3' title='bbox 843 291 845 300; x_wconf 31' lang='lat'><strong>¹</strong></span> <span class='ocrx_word' id='word_1_4' title='bbox 1029 205 1069 276; x_wconf 73' lang='lat' dir='ltr'><strong>it</strong></span> 
     </span>
    </p>
   </div>
   <div class='ocr_carea' id='block_1_2' title="bbox 144 365 1164 2614">
    <p class='ocr_par' dir='ltr' id='par_1_2' title="bbox 146 365 1072 964">
     <span class='ocr_line' id='line_1_2' title="bbox 146 365 1070 468; baseline -0.018 -19"><span class='ocrx_word' id='word_1_5' title='bbox 146 373 297 468; x_wconf 64' lang='lat' dir='ltr'><strong>simperti,</strong></span> <span class='ocrx_word' id='word_1_6' title='bbox 324 389 355 454; x_wconf 82' lang='lat' dir='ltr'><strong>et</strong></span> <span class='ocrx_word' id='word_1_7' title='bbox 379 391 548 464; x_wconf 81' lang='lat' dir='ltr'><strong>²praeceps</strong></span> <span class='ocrx_word' id='word_1_8' title='bbox 564 376 605 442; x_wconf 92' lang='lat' dir='ltr'><strong>ad</strong></span> <span class='ocrx_word' id='word_1_9' title='bbox 623 375 812 462; x_wconf 75' lang='lat' dir='ltr'><strong>explendam</strong></span> <span class='ocrx_word' id='word_1_10' title='bbox 828 372 924 440; x_wconf 87' lang='lat' dir='ltr'><strong>animi</strong></span> <span class='ocrx_word' id='word_1_11' title='bbox 947 365 1070 453; x_wconf 88' lang='lat' dir='ltr'><strong>cupidi·</strong></span> 
     </span>
     <span class='ocr_line' id='line_1_3' title="bbox 150 459 1071 552; baseline -0.013 -18"><span class='ocrx_word' id='word_1_12' title='bbox 150 489 247 534; x_wconf 82' lang='lat' dir='ltr'><strong>nem:</strong></span> <span class='ocrx_word' id='word_1_13' title='bbox 270 460 436 552; x_wconf 62' lang='lat' dir='ltr'><strong>praesensa</strong></span> <span class='ocrx_word' id='word_1_14' title='bbox 466 466 686 550; x_wconf 73' lang='lat' dir='ltr'>opportunitas</span> <span class='ocrx_word' id='word_1_15' title='bbox 702 482 839 548; x_wconf 78' lang='lat' dir='ltr'>suaeque</span> <span class='ocrx_word' id='word_1_16' title='bbox 855 477 886 526; x_wconf 84' lang='lat' dir='ltr'><strong>et</strong></span> <span class='ocrx_word' id='word_1_17' title='bbox 901 459 1071 524; x_wconf 80' lang='lat' dir='ltr'><strong>liberorum</strong></span> 
     </span>
     <span class='ocr_line' id='line_1_4' title="bbox 152 546 1071 637; baseline -0.011 -17"><span class='ocrx_word' id='word_1_18' title='bbox 152 555 274 629; x_wconf 87' lang='lat' dir='ltr'><strong>aetatis,</strong></span> <span class='ocrx_word' id='word_1_19' title='bbox 297 573 377 637; x_wconf 89' lang='lat' dir='ltr'><strong>quae</strong></span> <span class='ocrx_word' id='word_1_20' title='bbox 408 551 503 614; x_wconf 88' lang='lat' dir='ltr'><strong>etiam</strong></span> <span class='ocrx_word' id='word_1_21' title='bbox 532 549 714 616; x_wconf 71' lang='lat' dir='ltr'><strong>*mediocris</strong></span> <span class='ocrx_word' id='word_1_22' title='bbox 740 550 834 612; x_wconf 86' lang='lat' dir='ltr'><strong>viros·</strong></span> <span class='ocrx_word' id='word_1_23' title='bbox 850 570 908 635; x_wconf 87' lang='lat' dir='ltr'><strong>spe</strong></span> <span class='ocrx_word' id='word_1_24' title='bbox 933 546 1071 634; x_wconf 80' lang='lat' dir='ltr'>praedae</span> 
     </span>
     <span class='ocr_line' id='line_1_5' title="bbox 152 632 1070 723; baseline -0.008 -18"><span class='ocrx_word' id='word_1_25' title='bbox 152 645 364 705; x_wconf 56' lang='lat' dir='ltr'><strong>”transversos</strong></span> <span class='ocrx_word' id='word_1_26' title='bbox 392 637 479 723; x_wconf 85' lang='lat' dir='ltr'><strong>agit:</strong></span> <span class='ocrx_word' id='word_1_27' title='bbox 512 634 553 699; x_wconf 93' lang='lat' dir='ltr'><strong>ad</strong></span> <span class='ocrx_word' id='word_1_28' title='bbox 578 635 650 716; x_wconf 88' lang='lat' dir='ltr'><strong>hoc,</strong></span> <span class='ocrx_word' id='word_1_29' title='bbox 680 632 782 698; x_wconf 87' lang='lat' dir='ltr'><strong>studia</strong></span> <span class='ocrx_word' id='word_1_30' title='bbox 805 633 1009 700; x_wconf 83' lang='lat' dir='ltr'>Numidarum</span> <span class='ocrx_word' id='word_1_31' title='bbox 1040 635 1070 698; x_wconf 90' lang='lat' dir='ltr'><strong>in</strong></span> 
     </span>
     <span class='ocr_line' id='line_1_6' title="bbox 152 719 1072 814; baseline -0.008 -23"><span class='ocrx_word' id='word_1_32' title='bbox 152 725 338 814; x_wconf 74' lang='lat' dir='ltr'><strong>iugurtham</strong></span> <span class='ocrx_word' id='word_1_33' title='bbox 368 742 528 799; x_wconf 85' lang='lat' dir='ltr'><strong>accensa;</strong></span> <span class='ocrx_word' id='word_1_34' title='bbox 566 742 607 786; x_wconf 85' lang='lat' dir='ltr'><strong>ex</strong></span> <span class='ocrx_word' id='word_1_35' title='bbox 637 719 761 806; x_wconf 84' lang='lat' dir='ltr'><strong>quibus,</strong></span> <span class='ocrx_word' id='word_1_36' title='bbox 792 723 819 784; x_wconf 93' lang='lat' dir='ltr'><strong>si</strong></span> <span class='ocrx_word' id='word_1_37' title='bbox 854 720 946 785; x_wconf 89' lang='lat' dir='ltr'><strong>talem</strong></span> <span class='ocrx_word' id='word_1_38' title='bbox 973 720 1072 784; x_wconf 84' lang='lat' dir='ltr'><strong>virum</strong></span> 
     </span>
     <span class='ocr_line' id='line_1_7' title="bbox 153 805 1072 894; baseline -0.009 -17"><span class='ocrx_word' id='word_1_39' title='bbox 153 811 372 887; x_wconf 69' lang='lat' dir='ltr'><strong>interfecisset,</strong></span> <span class='ocrx_word' id='word_1_40' title='bbox 412 829 515 894; x_wconf 86' lang='lat' dir='ltr'><strong>nequa</strong></span> <span class='ocrx_word' id='word_1_41' title='bbox 546 805 671 888; x_wconf 89' lang='lat' dir='ltr'><strong>seditio,</strong></span> <span class='ocrx_word' id='word_1_42' title='bbox 702 819 756 871; x_wconf 89' lang='lat' dir='ltr'><strong>aut</strong></span> <span class='ocrx_word' id='word_1_43' title='bbox 786 805 901 872; x_wconf 80' lang='lat' dir='ltr'><strong>beilum</strong></span> <span class='ocrx_word' id='word_1_44' title='bbox 931 805 1072 890; x_wconf 79' lang='lat' dir='ltr'><strong>oriretur,</strong></span> 
     </span>
     <span class='ocr_line' id='line_1_8' title="bbox 149 899 489 964; baseline -0.012 -1"><span class='ocrx_word' id='word_1_45' title='bbox 149 899 360 964; x_wconf 84' lang='lat' dir='ltr'><strong>anxiuserat.</strong></span> <span class='ocrx_word' id='word_1_46' title='bbox 486 953 489 960; x_wconf 94' lang='grc'><em>,</em></span> 
     </span>
    </p>

    <p class='ocr_par' dir='ltr' id='par_1_3' title="bbox 144 977 1164 2614">
     <span class='ocr_line' id='line_1_9' title="bbox 195 977 1073 1058; baseline -0.003 -11"><span class='ocrx_word' id='word_1_47' title='bbox 195 983 269 1048; x_wconf 84' lang='lat' dir='ltr'><strong>vlt.</strong></span> <span class='ocrx_word' id='word_1_48' title='bbox 300 983 363 1046; x_wconf 84' lang='lat' dir='ltr'><strong>His</strong></span> <span class='ocrx_word' id='word_1_49' title='bbox 387 977 621 1052; x_wconf 88' lang='lat' dir='ltr'><strong>difficultatibus</strong></span> <span class='ocrx_word' id='word_1_50' title='bbox 646 985 889 1058; x_wconf 81' lang='lat' dir='ltr'><strong>circumventus,</strong></span> <span class='ocrx_word' id='word_1_51' title='bbox 913 980 966 1044; x_wconf 92' lang='lat' dir='ltr'><strong>ubi</strong></span> <span class='ocrx_word' id='word_1_52' title='bbox 978 979 1073 1058; x_wconf 88' lang='lat' dir='ltr'><strong>videt,</strong></span> 
     </span>
     <span class='ocr_line' id='line_1_10' title="bbox 154 1067 1073 1156; baseline -0.003 -21"><span class='ocrx_word' id='word_1_53' title='bbox 154 1091 254 1156; x_wconf 85' lang='lat' dir='ltr'><strong>neque</strong></span> <span class='ocrx_word' id='word_1_54' title='bbox 271 1069 417 1155; x_wconf 81' lang='lat' dir='ltr'><strong>pervim,</strong></span> <span class='ocrx_word' id='word_1_55' title='bbox 444 1088 545 1154; x_wconf 84' lang='lat' dir='ltr'><strong>neque</strong></span> <span class='ocrx_word' id='word_1_56' title='bbox 562 1068 694 1148; x_wconf 84' lang='lat' dir='ltr'>insidiis,</span> <span class='ocrx_word' id='word_1_57' title='bbox 711 1068 846 1154; x_wconf 74' lang='lat' dir='ltr'><strong>opprimi</strong></span> <span class='ocrx_word' id='word_1_58' title='bbox 865 1087 959 1153; x_wconf 87' lang='lat' dir='ltr'><strong>posse</strong></span> <span class='ocrx_word' id='word_1_59' title='bbox 976 1067 1073 1132; x_wconf 87' lang='lat' dir='ltr'><strong>homi·</strong></span> 
     </span>
     <span class='ocr_line' id='line_1_11' title="bbox 153 1153 1074 1240; baseline -0.003 -19"><span class='ocrx_word' id='word_1_60' title='bbox 153 1178 226 1221; x_wconf 86' lang='lat' dir='ltr'><strong>nem</strong></span> <span class='ocrx_word' id='word_1_61' title='bbox 241 1168 305 1218; x_wconf 90' lang='lat' dir='ltr'><strong>tam</strong></span> <span class='ocrx_word' id='word_1_62' title='bbox 320 1167 484 1238; x_wconf 89' lang='lat' dir='ltr'><strong>acceptum</strong></span> <span class='ocrx_word' id='word_1_63' title='bbox 511 1154 750 1238; x_wconf 70' lang='lat' dir='ltr'><strong>‘popularibus3</strong></span> <span class='ocrx_word' id='word_1_64' title='bbox 778 1153 860 1239; x_wconf 89' lang='lat' dir='ltr'><strong>quod</strong></span> <span class='ocrx_word' id='word_1_65' title='bbox 877 1167 945 1218; x_wconf 85' lang='lat' dir='ltr'><strong>erat</strong></span> <span class='ocrx_word' id='word_1_66' title='bbox 960 1155 980 1218; x_wconf 91' lang='lat' dir='ltr'>J</span> <span class='ocrx_word' id='word_1_67' title='bbox 984 1175 1074 1240; x_wconf 82' lang='lat' dir='ltr'><strong>ugur-</strong></span> 
     </span>
     <span class='ocr_line' id='line_1_12' title="bbox 153 1233 1074 1326; baseline -0.003 -21"><span class='ocrx_word' id='word_1_68' title='bbox 153 1242 209 1305; x_wconf 88' lang='lat' dir='ltr'><strong>tha</strong></span> <span class='ocrx_word' id='word_1_69' title='bbox 234 1260 328 1302; x_wconf 88' lang='lat' dir='ltr'><strong>manu</strong></span> <span class='ocrx_word' id='word_1_70' title='bbox 354 1251 516 1324; x_wconf 86' lang='lat' dir='ltr'><strong>promptus</strong></span> <span class='ocrx_word' id='word_1_71' title='bbox 542 1252 574 1300; x_wconf 86' lang='lat' dir='ltr'><strong>et</strong></span> <span class='ocrx_word' id='word_1_72' title='bbox 599 1239 754 1324; x_wconf 80' lang='lat' dir='ltr'><strong>adpetens</strong></span> <span class='ocrx_word' id='word_1_73' title='bbox 777 1233 896 1326; x_wconf 79' lang='lat' dir='ltr'><strong>gloriae</strong></span> <span class='ocrx_word' id='word_1_74' title='bbox 921 1240 1074 1317; x_wconf 77' lang='lat' dir='ltr'><strong>militarie,</strong></span> 
     </span>
     <span class='ocr_line' id='line_1_13' title="bbox 156 1321 1075 1410; baseline -0.003 -19"><span class='ocrx_word' id='word_1_75' title='bbox 156 1325 266 1392; x_wconf 84' lang='lat' dir='ltr'><strong>statuit</strong></span> <span class='ocrx_word' id='word_1_76' title='bbox 288 1344 357 1388; x_wconf 91' lang='lat' dir='ltr'><strong>eum</strong></span> <span class='ocrx_word' id='word_1_77' title='bbox 384 1321 546 1410; x_wconf 85' lang='lat' dir='ltr'><strong>objectare</strong></span> <span class='ocrx_word' id='word_1_78' title='bbox 569 1324 728 1409; x_wconf 83' lang='lat' dir='ltr'><strong>periculis,</strong></span> <span class='ocrx_word' id='word_1_79' title='bbox 753 1330 787 1388; x_wconf 85' lang='lat' dir='ltr'><strong>&#39;et</strong></span> <span class='ocrx_word' id='word_1_80' title='bbox 801 1347 841 1388; x_wconf 87' lang='lat' dir='ltr'><strong>eo</strong></span> <span class='ocrx_word' id='word_1_81' title='bbox 864 1325 957 1388; x_wconf 88' lang='lat' dir='ltr'><strong>modu</strong></span> <span class='ocrx_word' id='word_1_82' title='bbox 980 1329 1075 1390; x_wconf 80' lang='lat' dir='ltr'><strong>fortu-</strong></span> 
     </span>
     <span class='ocr_line' id='line_1_14' title="bbox 155 1410 1075 1497; baseline -0.002 -21"><span class='ocrx_word' id='word_1_83' title='bbox 155 1431 227 1476; x_wconf 89' lang='lat' dir='ltr'><strong>nam</strong></span> <span class='ocrx_word' id='word_1_84' title='bbox 258 1421 390 1474; x_wconf 82' lang='lat' dir='ltr'><strong>tentare.</strong></span> <span class='ocrx_word' id='word_1_85' title='bbox 435 1410 544 1497; x_wconf 83' lang='lat' dir='ltr'><strong>Igitur,</strong></span> <span class='ocrx_word' id='word_1_86' title='bbox 577 1410 659 1476; x_wconf 85' lang='lat' dir='ltr'><strong>belin</strong></span> <span class='ocrx_word' id='word_1_87' title='bbox 687 1411 906 1489; x_wconf 60' lang='lat' dir='ltr'><strong>‘Numantinm</strong></span> <span class='ocrx_word' id='word_1_88' title='bbox 937 1411 1075 1497; x_wconf 84' lang='lat' dir='ltr'><strong>Micipsa</strong></span> 
     </span>
     <span class='ocr_line' id='line_1_15' title="bbox 153 1495 1076 1584; baseline -0.002 -22"><span class='ocrx_word' id='word_1_89' title='bbox 153 1519 224 1562; x_wconf 87' lang='lat' dir='ltr'><strong>cum</strong></span> <span class='ocrx_word' id='word_1_90' title='bbox 240 1496 359 1584; x_wconf 81' lang='lat' dir='ltr'><strong>populo</strong></span> <span class='ocrx_word' id='word_1_91' title='bbox 380 1497 527 1562; x_wconf 89' lang='lat' dir='ltr'><strong>Romano</strong></span> <span class='ocrx_word' id='word_1_92' title='bbox 541 1499 677 1584; x_wconf 88' lang='lat' dir='ltr'><strong>equitum</strong></span> <span class='ocrx_word' id='word_1_93' title='bbox 693 1511 786 1584; x_wconf 86' lang='lat' dir='ltr'><strong>atque</strong></span> <span class='ocrx_word' id='word_1_94' title='bbox 803 1495 941 1583; x_wconf 79' lang='lat' dir='ltr'><strong>peditum</strong></span> <span class='ocrx_word' id='word_1_95' title='bbox 957 1497 1076 1562; x_wconf 82' lang='lat' dir='ltr'><strong>auxilia</strong></span> 
     </span>
     <span class='ocr_line' id='line_1_16' title="bbox 154 1582 1076 1666; baseline -0.002 -16"><span class='ocrx_word' id='word_1_96' title='bbox 154 1585 302 1660; x_wconf 85' lang='lat' dir='ltr'><strong>mitteret,</strong></span> <span class='ocrx_word' id='word_1_97' title='bbox 341 1603 486 1666; x_wconf 86' lang='lat' dir='ltr'><strong>sperans,</strong></span> <span class='ocrx_word' id='word_1_98' title='bbox 522 1582 574 1647; x_wconf 84' lang='lat' dir='ltr'><strong>vei</strong></span> <span class='ocrx_word' id='word_1_99' title='bbox 607 1583 808 1648; x_wconf 71' lang='lat' dir='ltr'><strong>‘ostentando</strong></span> <span class='ocrx_word' id='word_1_100' title='bbox 839 1586 993 1666; x_wconf 83' lang='lat' dir='ltr'><strong>virtutem,</strong></span> <span class='ocrx_word' id='word_1_101' title='bbox 1026 1582 1076 1648; x_wconf 88' lang='lat' dir='ltr'><strong>vel</strong></span> 
     </span>
     <span class='ocr_line' id='line_1_17' title="bbox 158 1665 1075 1753; baseline 0.004 -23"><span class='ocrx_word' id='word_1_102' title='bbox 158 1667 471 1740; x_wconf 70' lang='lat' dir='ltr'><strong>nominassemus,</strong></span> <span class='ocrx_word' id='word_1_103' title='bbox 495 1665 588 1730; x_wconf 85' lang='lat' dir='ltr'><strong>facile</strong></span> <span class='ocrx_word' id='word_1_104' title='bbox 612 1688 806 1747; x_wconf 82' lang='lat' dir='ltr'><strong>occasurum,</strong></span> <span class='ocrx_word' id='word_1_105' title='bbox 834 1672 984 1753; x_wconf 74' lang='lat' dir='ltr'><strong>praetecit</strong></span> <span class='ocrx_word' id='word_1_106' title='bbox 1011 1671 1075 1734; x_wconf 90' lang='lat' dir='ltr'><strong>Nu·</strong></span> 
     </span>
     <span class='ocr_line' id='line_1_18' title="bbox 158 1749 1076 1836; baseline 0.004 -20"><span class='ocrx_word' id='word_1_107' title='bbox 158 1750 251 1817; x_wconf 85' lang='lat' dir='ltr'><strong>midis</strong></span> <span class='ocrx_word' id='word_1_108' title='bbox 297 1771 352 1814; x_wconf 91' lang='lat' dir='ltr'><strong>uos</strong></span> <span class='ocrx_word' id='word_1_109' title='bbox 383 1751 414 1815; x_wconf 89' lang='lat' dir='ltr'><strong>in</strong></span> <span class='ocrx_word' id='word_1_110' title='bbox 442 1749 630 1836; x_wconf 81' lang='lat' dir='ltr'><strong>Hispaniam</strong></span> <span class='ocrx_word' id='word_1_111' title='bbox 666 1751 820 1816; x_wconf 87' lang='lat' dir='ltr'><strong>mittebat.</strong></span> <span class='ocrx_word' id='word_1_112' title='bbox 865 1753 928 1818; x_wconf 85' lang='lat' dir='ltr'><strong>Sed</strong></span> <span class='ocrx_word' id='word_1_113' title='bbox 959 1775 996 1818; x_wconf 83' lang='lat' dir='ltr'><strong>ea</strong></span> <span class='ocrx_word' id='word_1_114' title='bbox 1025 1777 1076 1820; x_wconf 81' lang='lat' dir='ltr'><strong>ces</strong></span> 
     </span>
     <span class='ocr_line' id='line_1_19' title="bbox 144 1773 1078 1926; baseline 0 -22"><span class='ocrx_word' id='word_1_115' title='bbox 144 1839 251 1926; x_wconf 18' lang='lat' dir='ltr'><strong>*longe</strong></span> <span class='ocrx_word' id='word_1_116' title='bbox 266 1773 369 1915; x_wconf 72' lang='lat' dir='ltr'><strong>diter,</strong></span> <span class='ocrx_word' id='word_1_117' title='bbox 384 1857 423 1901; x_wconf 90' lang='lat' dir='ltr'><strong>ac</strong></span> <span class='ocrx_word' id='word_1_118' title='bbox 444 1849 530 1900; x_wconf 85' lang='lat' dir='ltr'><strong>ratus</strong></span> <span class='ocrx_word' id='word_1_119' title='bbox 546 1849 623 1916; x_wconf 80' lang='lat' dir='ltr'><strong>etat,</strong></span> <span class='ocrx_word' id='word_1_120' title='bbox 640 1837 757 1902; x_wconf 86' lang='lat' dir='ltr'><strong>evenit.</strong></span> <span class='ocrx_word' id='word_1_121' title='bbox 802 1837 884 1902; x_wconf 85' lang='lat' dir='ltr'><strong>Nam</strong></span> <span class='ocrx_word' id='word_1_122' title='bbox 911 1839 1078 1926; x_wconf 72' lang='lat' dir='ltr'><strong>iugurtha,</strong></span> 
     </span>
     <span class='ocr_line' id='line_1_20' title="bbox 155 1923 1074 2010; baseline 0.002 -20"><span class='ocrx_word' id='word_1_123' title='bbox 155 1938 189 1990; x_wconf 93' lang='lat' dir='ltr'><strong>ut</strong></span> <span class='ocrx_word' id='word_1_124' title='bbox 204 1934 272 1991; x_wconf 84' lang='lat' dir='ltr'><strong>erat</strong></span> <span class='ocrx_word' id='word_1_125' title='bbox 287 1923 423 2009; x_wconf 84' lang='lat' dir='ltr'><strong>impigro</strong></span> <span class='ocrx_word' id='word_1_126' title='bbox 438 1937 533 2009; x_wconf 90' lang='lat' dir='ltr'><strong>atque</strong></span> <span class='ocrx_word' id='word_1_127' title='bbox 548 1923 614 1988; x_wconf 88' lang='lat' dir='ltr'><strong>acri</strong></span> <span class='ocrx_word' id='word_1_128' title='bbox 642 1924 779 2010; x_wconf 81' lang='lat' dir='ltr'><strong>ingenio,</strong></span> <span class='ocrx_word' id='word_1_129' title='bbox 802 1923 856 1990; x_wconf 93' lang='lat' dir='ltr'><strong>ubi</strong></span> <span class='ocrx_word' id='word_1_130' title='bbox 880 1940 1021 1991; x_wconf 82' lang='lat' dir='ltr'><strong>naturam</strong></span> <span class='ocrx_word' id='word_1_131' title='bbox 1037 1928 1074 1992; x_wconf 86' lang='lat' dir='ltr'><strong>P.</strong></span> 
     </span>
     <span class='ocr_line' id='line_1_21' title="bbox 156 2009 1119 2096; baseline 0.004 -20"><span class='ocrx_word' id='word_1_132' title='bbox 156 2009 327 2096; x_wconf 88' lang='lat' dir='ltr'><strong>Scipionis,</strong></span> <span class='ocrx_word' id='word_1_133' title='bbox 354 2009 407 2095; x_wconf 90' lang='lat' dir='ltr'><strong>qui</strong></span> <span class='ocrx_word' id='word_1_134' title='bbox 434 2022 498 2074; x_wconf 89' lang='lat' dir='ltr'><strong>tum</strong></span> <span class='ocrx_word' id='word_1_135' title='bbox 522 2010 674 2076; x_wconf 84' lang='lat' dir='ltr'><strong>Romanis</strong></span> <span class='ocrx_word' id='word_1_136' title='bbox 699 2011 879 2096; x_wconf 81' lang='lat' dir='ltr'><strong>imperator,</strong></span> <span class='ocrx_word' id='word_1_137' title='bbox 903 2027 1075 2081; x_wconf 77' lang='lat' dir='ltr'><strong>utmorem</strong></span> <span class='ocrx_word' id='word_1_138' title='bbox 1113 2043 1119 2052; x_wconf 94' lang='lat'><em>·</em></span> 
     </span>
     <span class='ocr_line' id='line_1_22' title="bbox 156 2093 1164 2185; baseline 0.002 -23"><span class='ocrx_word' id='word_1_139' title='bbox 156 2096 292 2162; x_wconf 88' lang='lat' dir='ltr'><strong>hostium</strong></span> <span class='ocrx_word' id='word_1_140' title='bbox 321 2097 492 2181; x_wconf 81' lang='lat' dir='ltr'><strong>cognovit3</strong></span> <span class='ocrx_word' id='word_1_141' title='bbox 527 2095 624 2164; x_wconf 85' lang='lat' dir='ltr'><strong>multo</strong></span> <span class='ocrx_word' id='word_1_142' title='bbox 654 2093 773 2176; x_wconf 80' lang='lat' dir='ltr'><strong>labore,</strong></span> <span class='ocrx_word' id='word_1_143' title='bbox 805 2095 961 2185; x_wconf 86' lang='lat' dir='ltr'><strong>multaque</strong></span> <span class='ocrx_word' id='word_1_144' title='bbox 991 2121 1080 2180; x_wconf 74' lang='lat' dir='ltr'><strong>cusa,¹</strong></span> <span class='ocrx_word' id='word_1_145' title='bbox 1162 2099 1164 2104; x_wconf 79' lang='grc'><strong>’</strong></span> 
     </span>
     <span class='ocr_line' id='line_1_23' title="bbox 158 2180 1079 2270; baseline 0.01 -24"><span class='ocrx_word' id='word_1_146' title='bbox 158 2193 325 2270; x_wconf 82' lang='lat' dir='ltr'><strong>praeterea</strong></span> <span class='ocrx_word' id='word_1_147' title='bbox 347 2180 585 2247; x_wconf 87' lang='lat' dir='ltr'><strong>modestissume</strong></span> <span class='ocrx_word' id='word_1_148' title='bbox 603 2181 755 2269; x_wconf 72' lang='lat' dir='ltr'><strong>parendo²</strong></span> <span class='ocrx_word' id='word_1_149' title='bbox 781 2195 813 2248; x_wconf 84' lang='lat' dir='ltr'><strong>et</strong></span> <span class='ocrx_word' id='word_1_150' title='bbox 834 2204 933 2270; x_wconf 83' lang='lat' dir='ltr'><strong>saepe</strong></span> <span class='ocrx_word' id='word_1_151' title='bbox 949 2185 1079 2255; x_wconf 83' lang='lat' dir='ltr'><strong>obviam</strong></span> 
     </span>
     <span class='ocr_line' id='line_1_24' title="bbox 147 2266 1078 2355; baseline 0 -21"><span class='ocrx_word' id='word_1_152' title='bbox 147 2267 263 2336; x_wconf 83' lang='lat' dir='ltr'><strong>eundo</strong></span> <span class='ocrx_word' id='word_1_153' title='bbox 273 2266 437 2352; x_wconf 78' lang='lat' dir='ltr'><strong>perictdis,</strong></span> <span class='ocrx_word' id='word_1_154' title='bbox 457 2269 488 2332; x_wconf 92' lang='lat' dir='ltr'><strong>in</strong></span> <span class='ocrx_word' id='word_1_155' title='bbox 513 2281 628 2334; x_wconf 88' lang='lat' dir='ltr'><strong>tantam</strong></span> <span class='ocrx_word' id='word_1_156' title='bbox 651 2267 867 2342; x_wconf 74' lang='lat' dir='ltr'><strong>claritudinem</strong></span> <span class='ocrx_word' id='word_1_157' title='bbox 894 2272 985 2336; x_wconf 84' lang='lat' dir='ltr'><strong>brevi</strong></span> <span class='ocrx_word' id='word_1_158' title='bbox 1008 2293 1078 2355; x_wconf 83' lang='lat' dir='ltr'><strong>pec·</strong></span> 
     </span>
     <span class='ocr_line' id='line_1_25' title="bbox 157 2355 1073 2433; baseline -0.001 -11"><span class='ocrx_word' id='word_1_159' title='bbox 157 2367 299 2432; x_wconf 86' lang='lat' dir='ltr'><strong>venerat,</strong></span> <span class='ocrx_word' id='word_1_160' title='bbox 322 2366 354 2418; x_wconf 94' lang='lat' dir='ltr'><strong>ut</strong></span> <span class='ocrx_word' id='word_1_161' title='bbox 369 2355 484 2432; x_wconf 84' lang='lat' dir='ltr'><strong>nostris</strong></span> <span class='ocrx_word' id='word_1_162' title='bbox 511 2355 712 2420; x_wconf 85' lang='lat' dir='ltr'><strong>vehementer</strong></span> <span class='ocrx_word' id='word_1_163' title='bbox 741 2376 843 2433; x_wconf 81' lang='lat' dir='ltr'><strong>carus,</strong></span> <span class='ocrx_word' id='word_1_164' title='bbox 873 2357 1073 2421; x_wconf 86' lang='lat' dir='ltr'><strong>Numantinis</strong></span> 
     </span>
     <span class='ocr_line' id='line_1_26' title="bbox 158 2439 1073 2526; baseline 0 -20"><span class='ocrx_word' id='word_1_165' title='bbox 158 2461 306 2506; x_wconf 85' lang='lat' dir='ltr'><strong>maxumo</strong></span> <span class='ocrx_word' id='word_1_166' title='bbox 321 2442 432 2505; x_wconf 82' lang='lat' dir='ltr'><strong>terrori</strong></span> <span class='ocrx_word' id='word_1_167' title='bbox 448 2454 543 2506; x_wconf 87' lang='lat' dir='ltr'><strong>esset.</strong></span> <span class='ocrx_word' id='word_1_168' title='bbox 588 2439 738 2520; x_wconf 73' lang='lat' dir='ltr'><strong>itesam,</strong></span> <span class='ocrx_word' id='word_1_169' title='bbox 754 2439 837 2526; x_wconf 90' lang='lat' dir='ltr'><strong>quod</strong></span> <span class='ocrx_word' id='word_1_170' title='bbox 852 2439 1073 2506; x_wconf 86' lang='lat' dir='ltr'><strong>difficillumum</strong></span> 
     </span>
     <span class='ocr_line' id='line_1_27' title="bbox 159 2525 1071 2614; baseline 0.001 -23"><span class='ocrx_word' id='word_1_171' title='bbox 159 2527 191 2591; x_wconf 93' lang='lat' dir='ltr'><strong>in</strong></span> <span class='ocrx_word' id='word_1_172' title='bbox 216 2526 326 2614; x_wconf 81' lang='lat' dir='ltr'><strong>primis</strong></span> <span class='ocrx_word' id='word_1_173' title='bbox 352 2538 412 2606; x_wconf 88' lang='lat' dir='ltr'><strong>est,</strong></span> <span class='ocrx_word' id='word_1_174' title='bbox 436 2538 468 2590; x_wconf 86' lang='lat' dir='ltr'><strong>et</strong></span> <span class='ocrx_word' id='word_1_175' title='bbox 489 2525 612 2610; x_wconf 85' lang='lat' dir='ltr'><strong>praelio</strong></span> <span class='ocrx_word' id='word_1_176' title='bbox 641 2539 783 2590; x_wconf 87' lang='lat' dir='ltr'><strong>strenuus</strong></span> <span class='ocrx_word' id='word_1_177' title='bbox 813 2539 891 2604; x_wconf 81' lang='lat' dir='ltr'><strong>erat,</strong></span> <span class='ocrx_word' id='word_1_178' title='bbox 914 2539 946 2590; x_wconf 89' lang='lat' dir='ltr'><strong>et</strong></span> <span class='ocrx_word' id='word_1_179' title='bbox 970 2525 1071 2592; x_wconf 88' lang='lat' dir='ltr'><strong>bonus</strong></span> 
     </span>
    </p>
   </div>
   <div class='ocr_carea' id='block_1_3' title="bbox 92 2779 1079 3245">
    <p class='ocr_par' dir='ltr' id='par_1_4' title="bbox 194 2779 948 2847">
     <span class='ocr_line' id='line_1_28' title="bbox 194 2779 948 2847; baseline 0 -19"><span class='ocrx_word' id='word_1_180' title='bbox 194 2781 334 2847; x_wconf 74' lang='lat' dir='ltr'><strong>yImpertt.</strong></span> <span class='ocrx_word' id='word_1_181' title='bbox 367 2779 404 2829; x_wconf 82' lang='lat' dir='ltr'><strong>Of</strong></span> <span class='ocrx_word' id='word_1_182' title='bbox 415 2793 508 2843; x_wconf 83' lang='lat' dir='ltr'><strong>power.</strong></span> <span class='ocrx_word' id='word_1_183' title='bbox 944 2831 948 2838; x_wconf 65' lang='grc'><strong><em>,</em></strong></span> 
     </span>
    </p>

    <p class='ocr_par' dir='ltr' id='par_1_5' title="bbox 192 2843 922 2912">
     <span class='ocr_line' id='line_1_29' title="bbox 192 2843 922 2912; baseline -0.004 -14"><span class='ocrx_word' id='word_1_184' title='bbox 192 2863 209 2898; x_wconf 84' lang='lat' dir='ltr'>z</span> <span class='ocrx_word' id='word_1_185' title='bbox 225 2847 349 2910; x_wconf 79' lang='lat' dir='ltr'><strong>Praeceps,</strong></span> <span class='ocrx_word' id='word_1_186' title='bbox 367 2849 412 2896; x_wconf 77' lang='lat' dir='ltr'><strong>uc.</strong></span> <span class='ocrx_word' id='word_1_187' title='bbox 437 2847 519 2894; x_wconf 79' lang='lat' dir='ltr'><strong>Prone</strong></span> <span class='ocrx_word' id='word_1_188' title='bbox 530 2851 558 2894; x_wconf 86' lang='lat' dir='ltr'><strong>to</strong></span> <span class='ocrx_word' id='word_1_189' title='bbox 570 2843 664 2912; x_wconf 74' lang='lat' dir='ltr'><strong>gratity</strong></span> <span class='ocrx_word' id='word_1_190' title='bbox 673 2847 740 2898; x_wconf 84' lang='lat' dir='ltr'><strong>their</strong></span> <span class='ocrx_word' id='word_1_191' title='bbox 752 2845 922 2898; x_wconf 74' lang='lat' dir='ltr'><strong>inclinatione.</strong></span> 
     </span>
    </p>

    <p class='ocr_par' dir='ltr' id='par_1_6' title="bbox 192 2911 546 2981">
     <span class='ocr_line' id='line_1_30' title="bbox 192 2911 546 2981; baseline -0.006 -17"><span class='ocrx_word' id='word_1_192' title='bbox 192 2929 210 2965; x_wconf 78' lang='lat' dir='ltr'><strong>e</strong></span> <span class='ocrx_word' id='word_1_193' title='bbox 224 2914 368 2981; x_wconf 74' lang='lat' dir='ltr'><strong>Mediocrin</strong></span> <span class='ocrx_word' id='word_1_194' title='bbox 402 2911 546 2962; x_wconf 60' lang='lat' dir='ltr'><strong>Moderata</strong></span> 
     </span>
    </p>

    <p class='ocr_par' dir='ltr' id='par_1_7' title="bbox 92 2978 536 3043">
     <span class='ocr_line' id='line_1_31' title="bbox 92 2978 536 3043; baseline -0.009 -11"><span class='ocrx_word' id='word_1_195' title='bbox 92 3024 94 3032; x_wconf 94' lang='lat'><em>.</em></span> <span class='ocrx_word' id='word_1_196' title='bbox 192 2981 214 3032; x_wconf 85' lang='lat' dir='ltr'><strong>b·</strong></span> <span class='ocrx_word' id='word_1_197' title='bbox 229 2981 400 3030; x_wconf 67' lang='lat' dir='ltr'><strong>temones.</strong></span> <span class='ocrx_word' id='word_1_198' title='bbox 433 2978 536 3043; x_wconf 79' lang='lat' dir='ltr'><strong>Astrey.</strong></span> 
     </span>
    </p>

    <p class='ocr_par' dir='ltr' id='par_1_8' title="bbox 102 3039 1079 3180">
     <span class='ocr_line' id='line_1_32' title="bbox 102 3039 911 3112; baseline 0.002 -15"><span class='ocrx_word' id='word_1_199' title='bbox 102 3107 104 3112; x_wconf 28' lang='grc' dir='ltr'>Ι</span> <span class='ocrx_word' id='word_1_200' title='bbox 192 3063 209 3097; x_wconf 88' lang='lat' dir='ltr'><strong>c</strong></span> <span class='ocrx_word' id='word_1_201' title='bbox 224 3049 397 3111; x_wconf 68' lang='lat' dir='ltr'><strong>Popummbue.</strong></span> <span class='ocrx_word' id='word_1_202' title='bbox 429 3046 582 3111; x_wconf 79' lang='lat' dir='ltr'><strong>Forpopulo,</strong></span> <span class='ocrx_word' id='word_1_203' title='bbox 593 3039 700 3096; x_wconf 83' lang='lat' dir='ltr'><strong>beloved</strong></span> <span class='ocrx_word' id='word_1_204' title='bbox 712 3045 747 3112; x_wconf 85' lang='lat' dir='ltr'><strong>by</strong></span> <span class='ocrx_word' id='word_1_205' title='bbox 758 3043 803 3104; x_wconf 85' lang='lat' dir='ltr'><strong>the</strong></span> <span class='ocrx_word' id='word_1_206' title='bbox 814 3046 911 3112; x_wconf 76' lang='lat' dir='ltr'><strong>peopls</strong></span> 
     </span>
     <span class='ocr_line' id='line_1_33' title="bbox 195 3112 1079 3180; baseline 0.009 -18"><span class='ocrx_word' id='word_1_207' title='bbox 195 3112 391 3164; x_wconf 76' lang='lat' dir='ltr'><strong>stiteuntino.</strong></span> <span class='ocrx_word' id='word_1_208' title='bbox 436 3113 576 3163; x_wconf 77' lang='lat' dir='ltr'><strong>Numantia</strong></span> <span class='ocrx_word' id='word_1_209' title='bbox 596 3127 647 3164; x_wconf 79' lang='lat' dir='ltr'><strong>wus</strong></span> <span class='ocrx_word' id='word_1_210' title='bbox 664 3129 680 3162; x_wconf 84' lang='lat' dir='ltr'><strong>a</strong></span> <span class='ocrx_word' id='word_1_211' title='bbox 701 3114 755 3179; x_wconf 83' lang='lat' dir='ltr'><strong>city</strong></span> <span class='ocrx_word' id='word_1_212' title='bbox 774 3113 805 3164; x_wconf 81' lang='lat' dir='ltr'><strong>ui</strong></span> <span class='ocrx_word' id='word_1_213' title='bbox 815 3115 936 3180; x_wconf 77' lang='lat' dir='ltr'><strong>Hispania</strong></span> <span class='ocrx_word' id='word_1_214' title='bbox 956 3119 1079 3170; x_wconf 75' lang='lat' dir='ltr'><strong>Tarmoe-</strong></span> 
     </span>
    </p>

    <p class='ocr_par' dir='ltr' id='par_1_9' title="bbox 161 3171 1079 3245">
     <span class='ocr_line' id='line_1_34' title="bbox 161 3171 1079 3245; baseline 0.002 -13"><span class='ocrx_word' id='word_1_215' title='bbox 161 3178 256 3238; x_wconf 66' lang='lat' dir='ltr'><strong>amnis,</strong></span> <span class='ocrx_word' id='word_1_216' title='bbox 271 3177 355 3228; x_wconf 77' lang='lat' dir='ltr'><strong>which</strong></span> <span class='ocrx_word' id='word_1_217' title='bbox 366 3179 521 3230; x_wconf 79' lang='lat' dir='ltr'><strong>maintained</strong></span> <span class='ocrx_word' id='word_1_218' title='bbox 538 3193 618 3230; x_wconf 78' lang='lat' dir='ltr'><strong>atvar</strong></span> <span class='ocrx_word' id='word_1_219' title='bbox 628 3171 693 3242; x_wconf 49' lang='lat' dir='ltr'><strong>&amp;sith</strong></span> <span class='ocrx_word' id='word_1_220' title='bbox 709 3179 753 3232; x_wconf 86' lang='lat' dir='ltr'><strong>the</strong></span> <span class='ocrx_word' id='word_1_221' title='bbox 769 3182 879 3232; x_wconf 77' lang='lat' dir='ltr'><strong>Romans</strong></span> <span class='ocrx_word' id='word_1_222' title='bbox 895 3181 935 3233; x_wconf 80' lang='lat' dir='ltr'><strong>t&#39;or</strong></span> <span class='ocrx_word' id='word_1_223' title='bbox 955 3185 1079 3245; x_wconf 82' lang='lat' dir='ltr'><strong>founteen,</strong></span> 
     </span>
    </p>
   </div>
   <div class='ocr_carea' id='block_1_4' title="bbox 163 3243 1152 3310">
    <p class='ocr_par' dir='ltr' id='par_1_10' title="bbox 163 3243 1152 3310">
     <span class='ocr_line' id='line_1_35' title="bbox 163 3243 1152 3310; baseline 0.001 -13"><span class='ocrx_word' id='word_1_224' title='bbox 163 3259 233 3298; x_wconf 79' lang='lat' dir='ltr'><strong>sume</strong></span> <span class='ocrx_word' id='word_1_225' title='bbox 245 3260 290 3309; x_wconf 80' lang='lat' dir='ltr'><strong>say</strong></span> <span class='ocrx_word' id='word_1_226' title='bbox 300 3243 340 3294; x_wconf 79' lang='lat' dir='ltr'><strong>fot·</strong></span> <span class='ocrx_word' id='word_1_227' title='bbox 351 3251 447 3310; x_wconf 84' lang='lat' dir='ltr'><strong>twenty</strong></span> <span class='ocrx_word' id='word_1_228' title='bbox 457 3261 537 3310; x_wconf 74' lang='lat' dir='ltr'><strong>yeme.</strong></span> <span class='ocrx_word' id='word_1_229' title='bbox 570 3245 629 3310; x_wconf 70' lang='lat' dir='ltr'><strong>The</strong></span> <span class='ocrx_word' id='word_1_230' title='bbox 637 3245 749 3296; x_wconf 80' lang='lat' dir='ltr'><strong>·rubbish</strong></span> <span class='ocrx_word' id='word_1_231' title='bbox 760 3245 791 3297; x_wconf 86' lang='lat' dir='ltr'><strong>oi</strong></span> <span class='ocrx_word' id='word_1_232' title='bbox 803 3247 824 3297; x_wconf 91' lang='lat' dir='ltr'><strong>it</strong></span> <span class='ocrx_word' id='word_1_233' title='bbox 836 3247 858 3300; x_wconf 85' lang='lat' dir='ltr'><strong>is</strong></span> <span class='ocrx_word' id='word_1_234' title='bbox 871 3250 926 3299; x_wconf 85' lang='lat' dir='ltr'><strong>still</strong></span> <span class='ocrx_word' id='word_1_235' title='bbox 937 3245 1079 3298; x_wconf 83' lang='lat' dir='ltr'><strong>tobeseen</strong></span> <span class='ocrx_word' id='word_1_236' title='bbox 1148 3267 1152 3273; x_wconf 92' lang='lat'><em>·</em></span> 
     </span>
    </p>
   </div>
   <div class='ocr_carea' id='block_1_5' title="bbox 122 3311 1074 3580">
    <p class='ocr_par' dir='ltr' id='par_1_11' title="bbox 122 3311 1074 3580">
     <span class='ocr_line' id='line_1_36' title="bbox 163 3311 1074 3389; baseline 0.004 -29"><span class='ocrx_word' id='word_1_237' title='bbox 163 3319 191 3368; x_wconf 70' lang='lat' dir='ltr'><strong>at</strong></span> <span class='ocrx_word' id='word_1_238' title='bbox 213 3311 320 3389; x_wconf 64' lang='lat' dir='ltr'><strong>eplece</strong></span> <span class='ocrx_word' id='word_1_239' title='bbox 340 3311 425 3362; x_wconf 73' lang='lat' dir='ltr'><strong>called</strong></span> <span class='ocrx_word' id='word_1_240' title='bbox 447 3315 551 3364; x_wconf 64' lang='lat' dir='ltr'><strong>Puente*</strong></span> <span class='ocrx_word' id='word_1_241' title='bbox 568 3314 659 3377; x_wconf 65' lang='lat' dir='ltr'><strong>Gemay,</strong></span> <span class='ocrx_word' id='word_1_242' title='bbox 675 3327 736 3364; x_wconf 82' lang='lat' dir='ltr'><strong>neat·</strong></span> <span class='ocrx_word' id='word_1_243' title='bbox 757 3313 802 3367; x_wconf 78' lang='lat' dir='ltr'><strong>the</strong></span> <span class='ocrx_word' id='word_1_244' title='bbox 819 3315 873 3381; x_wconf 85' lang='lat' dir='ltr'><strong>city</strong></span> <span class='ocrx_word' id='word_1_245' title='bbox 893 3314 973 3376; x_wconf 74' lang='lat' dir='ltr'><strong>sorta,</strong></span> <span class='ocrx_word' id='word_1_246' title='bbox 987 3314 1015 3364; x_wconf 87' lang='lat' dir='ltr'><strong>in</strong></span> <span class='ocrx_word' id='word_1_247' title='bbox 1029 3312 1074 3364; x_wconf 87' lang='lat' dir='ltr'><strong>uld</strong></span> 
     </span>
     <span class='ocr_line' id='line_1_37' title="bbox 122 3378 618 3514; baseline 0.002 -19"><span class='ocrx_word' id='word_1_248' title='bbox 122 3407 125 3414; x_wconf 37' lang='grc' dir='ltr'>Ι</span> <span class='ocrx_word' id='word_1_249' title='bbox 162 3378 387 3495; x_wconf 41' lang='lat' dir='ltr'><strong>optimam</strong></span> <span class='ocrx_word' id='word_1_250' title='bbox 419 3443 618 3514; x_wconf 79' lang='lat' dir='ltr'><strong>Bydisplaying.</strong></span> 
     </span>
     <span class='ocr_line' id='line_1_38' title="bbox 196 3508 699 3580; baseline 0.006 -18"><span class='ocrx_word' id='word_1_251' title='bbox 196 3509 336 3566; x_wconf 72' lang='lat' dir='ltr'><strong>tuaevtnu</strong></span> <span class='ocrx_word' id='word_1_252' title='bbox 368 3513 409 3578; x_wconf 79' lang='lat' dir='ltr'><strong>By</strong></span> <span class='ocrx_word' id='word_1_253' title='bbox 419 3511 465 3567; x_wconf 85' lang='lat' dir='ltr'><strong>the</strong></span> <span class='ocrx_word' id='word_1_254' title='bbox 475 3508 574 3565; x_wconf 68' lang='lat' dir='ltr'><strong>furious</strong></span> <span class='ocrx_word' id='word_1_255' title='bbox 583 3512 699 3580; x_wconf 66' lang='lat' dir='ltr'><strong>bessem.</strong></span> 
     </span>
    </p>
   </div>
   <div class='ocr_carea' id='block_1_6' title="bbox 0 0 1220 4042">
    <p class='ocr_par' dir='ltr' id='par_1_12' title="bbox 0 0 1220 4042">
     <span class='ocr_line' id='line_1_39' title="bbox 0 0 1220 4042; baseline 0 0"><span class='ocrx_word' id='word_1_256' title='bbox 0 0 1220 4042; x_wconf 95' lang='lat' dir='ltr'><strong> </strong></span> 
     </span>
    </p>
   </div>
  </div>
 </body>
</html>
