2392 4042
25 3473 30 3478 .
103 3431 154 3483 sed

367 241 542 307 Ssuuusrrs
565 237 742 304 Carisius.
974 233 1014 300 ti

100 407 241 464 senatum
253 391 381 458 edocet:
398 406 573 480 praeterea,
585 398 605 432 “
617 391 786 456 semiesum
798 409 816 454 a
827 387 1016 464 thrasso,

100 484 170 546 uui
195 479 351 544 Catilinae
381 479 553 556 nunciaret,
584 499 623 542 ne
652 476 814 555 Lentulus,
844 475 1017 563 Cethegus,

80 505 156 644 ‚aiii
183 587 224 632 ex
246 565 459 652 conjuratione
485 563 675 648 deprehensi
704 573 881 641 terrerent3
915 579 1017 648 eoque

101 653 200 739 magis
226 664 411 738 properaret
425 649 467 717 ad
482 649 590 714 urbem
607 647 772 727 accedere,
799 669 861 734 quo
875 660 908 712 et
932 661 1017 712 cete·

102 759 202 803 rorum
214 738 337 804 animos
351 737 505 812 reliceret,
521 747 553 798 et
568 734 612 798 illi
629 732 751 798 facilius
766 755 784 798 e
801 733 942 819 periculo
957 733 1017 798 eri·

101 824 285 910 petentur.’'
330 821 395 886 Sed
420 822 474 886 uhi
497 819 688 906 Tarquinius
714 817 864 883 Crassum
878 820 1017 884 nomina·

101 910 156 988 uit,
185 909 344 974 hominem
375 907 523 987 nobilem,
553 905 707 971 maxumis
745 903 876 984 divitiis,
902 925 1020 969 summa

98 995 263 1082 potentia;
289 993 354 1072 alii,
379 1015 445 1059 rem
460 991 677 1058 incredibilem
692 991 774 1072 rsti3
800 1010 885 1076 pars,
912 1002 1017 1056 tamen

98 1081 159 1145 etsi
184 1081 292 1146 verum
315 1079 557 1156 existumabant,
584 1092 701 1156 tamen,
722 1077 796 1164 quia
823 1077 854 1142 in
871 1075 926 1142 tali
941 1089 1018 1142 tem·

98 1187 178 1254 pore
203 1179 290 1231 tanta
304 1165 352 1230 vis
379 1166 512 1230 hominis
533 1163 704 1240 ⁰leniunds,
718 1179 812 1248 quam
825 1161 1020 1250 exagitanda

97 1250 278 1328 videbatur,
324 1249 441 1337 lerique
465 1249 584 1312 Crasso
598 1271 640 1312 ex
663 1249 797 1334 negotiis
812 1249 944 1333 privatis
959 1250 1016 1314 oh·

101 1335 203 1414 noxii,
218 1270 427 1412 conclhmant,
453 1340 474 1374 ‘⁶
485 1332 620 1398 indicem
635 1331 781 1410 salsum,'’
797 1331 899 1418 deque
914 1353 954 1398 ea
968 1353 1017 1398 ra·

100 1419 262 1506 postulant
286 1421 345 1484 ruti
371 1422 535 1489 reseratur.
581 1417 700 1506 ltaque,
727 1417 910 1482 consulente
925 1419 1019 1484 Cice·

101 1527 191 1586 rone,
218 1507 362 1594 frequens
378 1519 505 1584 senatus
530 1503 693 1570 decernit:
719 1503 919 1605 “Tarquinii
941 1505 1020 1570 indi·

102 1593 186 1656 cium
211 1591 324 1655 salsum
345 1591 469 1672 videri3
494 1613 628 1676 eumque
654 1593 689 1655 in
710 1589 858 1656 avincula
884 1593 1021 1659 retinen·

102 1675 189 1752 dum,
219 1696 319 1771 neque
349 1675 483 1758 amplius
509 1687 707 1758 'potestatem
743 1674 930 1754 faciundam,
961 1678 1022 1752 nisi

105 1757 146 1826 de
163 1779 203 1823 eo
218 1757 383 1834 indicaret,
397 1758 487 1844 cujus
502 1757 636 1821 consilio
652 1770 767 1820 tantam
782 1777 848 1822 rem
874 1762 1019 1823 mentitus

105 1843 229 1910 esset.”
273 1843 373 1908 la'rant
394 1865 434 1908 eo
449 1855 600 1928 tempore,
622 1842 674 1928 qui
697 1853 919 1922 aestumarent,
937 1843 1025 1910 illud

103 1949 125 1994 a
139 1929 177 1994 Ρ.
203 1929 357 1994 Autronio
382 1929 601 2006 machinatum,
624 1948 686 2014 quo
712 1927 845 2005 facilius,
861 1926 1023 2014 adpellata

104 2013 233 2094 Crasso,
250 2036 308 2101 per
321 2014 503 2080 societatem
517 2013 649 2100 periculi
664 2012 801 2162 religuos
813 2013 895 2078 illius
912 2029 1022 2100 poten·

103 2101 147 2165 tia
178 2112 311 2187 tegeret.
355 2101 417 2165 Alii
447 2101 697 2185 Tarquiniuma
751 2099 876 2163 icerone
897 2103 1022 2167 tinnis·

104 2189 172 2249 sum
199 2185 337 2264 aiebant,
352 2207 391 2250 ne
407 2185 560 2264 ¹Crassus,
586 2206 671 2249 more
694 2205 761 2260 suo,
788 2199 936 2271 suscepto
952 2208 1017 2252 ma·

105 2269 204 2336 lorum
220 2271 405 2357 patrocinio,
415 2271 641 2358 rempublicam
656 2269 869 2336 conturbaret.
915 2273 1021 2357 Ipsum

134 2525 151 2560 n
173 2513 227 2570 Qui.
261 2512 329 2560 Here
340 2508 543 2576 elegantlyused
555 2508 639 2560 l'orut.

99 2605 102 2609 ·
134 2592 151 2626 o
168 2579 307 2637 Munda,
319 2593 391 2638 quam
406 2578 567 2639 exagitanda.
600 2576 691 2638 Magis
701 2571 779 2638 being
789 2572 948 2624 understood
959 2574 1027 2626 after
1099 2636 1103 2644 ι

101 2645 236 2699 minutim
251 2645 275 2690 in
291 2657 362 2691 some
380 2641 490 2692 editions
511 2641 533 2688 it
552 2639 731 2706 isexpreased.
765 2641 805 2688 To
826 2639 858 2688 be
870 2639 979 2689 soothed
989 2656 1028 2690 ra-

102 2707 164 2758 ther
176 2709 237 2756 than
251 2707 374 2756 irritated.
605 2713 608 2719 '

118 2772 366 2886 tutatuta
378 2771 555 2884 ,litalde
566 2770 875 2886 titiensiu
896 2770 1027 2838 “mli

103 2851 119 2981 ,Ι
137 2852 157 2968 oq
173 2903 206 2955 Ip
217 2903 328 2950 maculis.
356 2901 389 2976 ΙΙιι
400 2900 494 2976 prison.
530 2903 659 2962 Vinculum,
680 2903 706 2950 in
722 2855 769 2950 lhe
785 2900 899 2966 singular
911 2916 926 2950 a
937 2899 1027 2959 chains

102 2967 315 3085 mrfflssoidilhatletis
319 2965 569 3100 ,ldhs'hhiidhhimshnd
581 3032 638 3082 that
649 3032 681 3084 he
690 3030 783 3082 should
790 3039 836 3082 not
846 3031 878 3086 be
888 3033 1028 3099 pennitted

102 3105 133 3150 to
152 3099 232 3166 enjoy'
246 3100 359 3152 freedom
380 3097 516 3160 hetwiler,
536 3099 631 3150 should
641 3107 686 3150 not
698 3099 730 3150 be
741 3099 862 3150 released.
896 3102 1029 3152 Some'un·

103 3165 230 3216 derstand
240 3167 286 3215 the
303 3166 386 3217 words
399 3175 427 3216 to
445 3167 549 3231 impos-t,
561 3167 619 3216 that
634 3167 666 3218 he
677 3165 771 3218 shordd
782 3173 827 3216 not
839 3166 871 3217 be
886 3167 1028 3232 permitted

100 3239 131 3282 to
141 3231 254 3296 proceed
266 3232 292 3280 in
309 3231 350 3282 his
362 3235 514 3298 testirnonyr
536 3233 584 3284 hut
602 3233 655 3284 this
666 3249 773 3298 appears
789 3241 818 3284 to
833 3233 867 3284 be
887 3241 931 3283 too
944 3233 1027 3298 slight

100 3315 119 3351 a
129 3298 304 3364 punishment,
315 3296 355 3347 ior
364 3299 433 3348 what
441 3299 502 3366 they
510 3299 649 3351 conceived
658 3306 686 3350 to
693 3301 725 3352 be
734 3299 846 3368 perjury.

137 3381 151 3415 s
171 3367 241 3415 Illud.
276 3363 395 3414 Indicium
410 3364 586 3427 understooda
600 3361 628 3418 in
646 3381 717 3418 some
734 3365 844 3418 editions
860 3366 882 3416 it
894 3363 915 3414 is
927 3377 1030 3430 expres·

138 3467 308 3551 t'Inurlerum.
341 3495 492 3566 lustigsted.
