2392 4042
413 239 586 315 s'icnnsrn
609 248 784 316 Certatur.
928 297 931 306 «
1015 242 1054 312 39

110 448 113 454 ,
141 396 308 483 ’placidius
323 411 502 466 tractarent.
547 399 621 481 Sed,
643 401 697 466 ubi
720 403 850 488 primum
870 395 985 464 tdubiis
1006 419 1054 462 re·

146 483 205 548 bus
228 485 377 550 novandis
401 509 475 574 spes
500 486 618 566 oblata,
640 498 729 552 vetus
755 497 912 552 certamen
934 483 1056 548 animoa
1090 507 1093 514 ·

147 589 252 634 eorum
279 574 409 636 arrexit.
454 571 548 655 Quod
580 573 607 636 si
636 575 737 658 primo
766 571 887 656 praelio
915 567 1057 632 Catilina

146 658 296 740 superior,
329 669 383 723 aut
414 679 516 744 aequa
548 679 640 722 manu
660 659 878 736 discessisset3
910 655 1054 740 profecto

145 761 255 827 magna
267 743 484 830 clades'atque
494 797 495 802 ,
506 743 669 807 calamitas
684 741 908 827 rempublicam
924 759 1056 826 oppres·

145 828 246 907 sisset,
262 851 364 915 neque
381 829 454 905 illis,
466 831 517 914 qui
530 829 693 893 victoriam
704 827 822 912 adepti,
833 825 946 890 diutius
962 841 1000 888 ea
1011 824 1057 887 uti

143 909 294 994 licuisset,
311 915 383 1000 quin
399 914 531 980 defessis
546 927 578 978 et
592 913 815 1001 exsanguibus
831 913 882 996 qui
899 909 968 996 plus
985 930 1056 994 pos·

144 1011 201 1074 set,
218 1001 382 1085 imperium
398 1013 490 1088 atque
506 1001 682 1064 libertatem
698 1011 909 1083 extorqueret.
956 995 1057 1058 Fuere

144 1097 247 1148 tamen
261 1100 368 1150 ”extra
384 1087 629 1173 conjurationem
645 1083 832 1170 complures,
849 1083 901 1167 qui
917 1079 958 1144 ad
970 1079 1058 1143 Cuti-

144 1169 239 1234 linam
256 1173 344 1234 initio
361 1174 492 1256 profecti
516 1184 605 1236 sunt:
628 1171 659 1234 in
676 1171 723 1234 his
740 1171 778 1232 A.
802 1167 942 1244 Fulvius,
965 1185 1057 1229 sena·

147 1257 223 1317 toris
252 1257 355 1333 lilius3
388 1277 490 1341 quem,
520 1268 686 1331 retractum
715 1275 756 1316 ex
786 1255 907 1327 itinere,
931 1264 1060 1334 tpareus

147 1340 254 1414 necari
268 1340 375 1426 jussit.
420 1339 521 1404 Isdem
548 1339 741 1422 temporibus
757 1339 877 1400 Romae
894 1333 1057 1411 Lentulus,

145 1425 236 1487 sicuti
261 1425 397 1490 Catilina
422 1437 640 1510 praeceperat,
674 1443 884 1570 quoscumqpe
922 1417 1060 1484 moribus

144 1521 198 1572 ant
224 1511 346 1575 fortuna
362 1512 451 1575 novis
466 1511 560 1576 rebus
583 1509 715 1574 idoneos
737 1506 831 1574 crede
856 1521 898 1584 at,
923 1515 977 1568 aut
998 1523 1058 1589 per

146 1617 192 1674 ee,
215 1612 268 1658 aut
295 1617 352 1680 per
374 1595 454 1660 alios
480 1595 693 1673 sollicitabat3
715 1615 816 1681 neque
839 1591 938 1656 solum
961 1590 1061 1664 cives,

148 1679 449 1824 sedncpjusquemodi
462 1702 559 1763 genus
568 1676 826 1762 hominum,quod
837 1676 930 1740 modo
943 1673 1060 1759 [bello]

151 1783 220 1825 usur
248 1775 327 1826 oret.
941 1787 948 1808 t

190 1845 263 1908 XL.
287 1855 406 1911 Iorrun
422 1847 459 1910 P.
485 1832 649 1912 Umbreno
670 1845 793 1910 cuidam
820 1845 976 1932 negotium
994 1843 1061 1925 dat,

146 1931 190 1994 uti
207 1931 329 2018 legatos
345 1931 568 2018 wAllobrogum
585 1953 618 1996 re
643 1931 733 2010 uitat,
761 1952 887 2018 eosque,
911 1931 937 1995 si
954 1933 1066 2014 possit,

146 2017 292 2100 impellat·
313 2017 353 2081 ad
377 2019 561 2082 societatem
587 1955 680 2097 belllit
704 2018 906 2096 existumans,
939 2016 1066 2102 publice

146 2104 354 2189 privatimque
370 2125 443 2168 aere
458 2103 563 2168 alieno
585 2126 766 2186 oppressos,
783 2119 958 2189 practerea,
982 2101 1065 2190 quod

148 2201 257 2252 natura
282 2211 359 2276 gens
384 2189 510 2252 Gallica
536 2190 686 2254 bellicosa
708 2203 802 2263 esset,
826 2189 919 2254 facile
945 2211 1000 2253 eos
1023 2187 1067 2255 ad

147 2273 211 2340 tale
233 2274 395 2339 consilium
420 2275 533 2339 adduci
558 2297 664 2360 posse.
712 2275 900 2354 Umbrenus,
924 2274 1007 2362 quod
1032 2275 1065 2342 in

147 2359 253 2424 Gallia
269 2362 455 2448 negotiatus,
480 2361 637 2448 pictisque
662 2362 856 2447 principibus
878 2374 969 2426 notus
985 2371 1064 2442 erat,

147 2460 239 2534 atque
260 2469 315 2514 sos
339 2463 487 2512 noveratt
511 2449 616 2534 itaque
642 2450 709 2514 sine
731 2470 829 2528 mora,
853 2447 907 2512 ubi
931 2441 1068 2533 primum.

179 2659 192 2694 s
209 2647 344 2695 Placr'dt'nr.
375 2644 451 2693 More
470 2640 577 2707 quietly,
593 2655 663 2690 more
686 2641 832 2706 peaceably‚
848 2643 911 2692 with
927 2643 978 2693 less
993 2649 1066 2694 trou·

147 2708 197 2758 ble.
229 2714 359 2760 Placidr'ttr
370 2719 507 2760 tractarent
518 2723 575 2771 nray
589 2708 619 2757 be
631 2707 743 2756 referred
755 2706 836 2758 either
848 2715 875 2758 to
885 2709 928 2760 the
945 2709 1063 2775 nobility‚

148 2787 179 2820 or
195 2779 223 2822 to
238 2776 282 2824 the
302 2775 432 2822 tribunes:
450 2773 473 2821 il
484 2784 513 2822 to
528 2774 572 2822 the
589 2774 674 2833 latter,
692 2773 734 2822 the
747 2777 864 2839 meaning
881 2775 933 2824 will
949 2775 991 2836 be,
1007 2775 1066 2824 that

148 2837 194 2888 the
205 2839 319 2888 tribunes
328 2839 412 2902 might
423 2839 455 2887 be
464 2839 514 2886 less
526 2839 621 2888 violent
632 2839 656 2886 in
666 2839 733 2888 their
742 2837 823 2900 office,
839 2857 869 2888 nr
879 2841 931 2888 less
942 2835 1064 2904 disposed

148 2910 176 2954 to
193 2905 241 2954 stit·
257 2920 292 2968 up
309 2905 476 2954 commotione
488 2917 581 2965 annong
591 2903 635 2951 the
643 2904 743 2966 periplo,
754 2905 866 2967 through
879 2905 959 2954 dread
970 2905 1001 2954 of
1007 2919 1065 2970 pro·

148 2972 262 3024 secution
283 2971 316 3038 by
337 2971 382 3020 the
394 2968 511 3035 nobility‚
528 2966 596 3017 alter
616 2968 660 3016 the
676 2969 818 3031 expiration
833 2970 863 3018 of
875 2970 942 3022 their
953 2971 1065 3024 tribune·

148 3038 213 3088 ahi.
539 3049 541 3053 ·
1044 3069 1048 3084 ,

183 3053 205 3152 tp
212 3107 302 3156 Dubiis
319 3109 390 3154 rebus
410 3106 536 3154 iuvandis.
566 3105 617 3150 For
638 3099 742 3168 making
761 3118 791 3152 an
811 3103 943 3156 alteration
957 3105 981 3156 in
997 3103 1065 3158 their

148 3169 261 3236 perilous
272 3171 408 3222 condition.

183 3251 202 3286 u
220 3238 303 3285 Extra
313 3243 505 3304 conjurationen.
538 3239 592 3285 Not
602 3235 718 3299 engaged
728 3235 751 3284 in
764 3235 808 3286 the
816 3239 972 3302 conspiracy.

180 3319 197 3353 v
214 3307 319 3352 Parent.
351 3305 458 3354 Fathers
470 3317 563 3368 among
577 3303 623 3352 the
640 3304 749 3352 Romans
766 3301 817 3354 bad
833 3305 877 3354 the
888 3316 975 3368 power
986 3302 1017 3352 of
1028 3301 1066 3354 itt·

149 3369 251 3433 flicting
259 3370 352 3433 capital
364 3369 568 3434 punishmentnn
579 3369 646 3417 their
659 3368 782 3418 children.

182 3453 206 3486 w
221 3437 383 3500 Allobrogum.
415 3435 634 3500 Thellllobroges
646 3450 716 3492 ,were
728 3453 742 3486 a
753 3435 843 3502 people
852 3433 883 3484 ot
896 3435 986 3499 Savoy,
999 3438 1068 3492 Dua·

149 3502 453 3569 phinenndlraBresse.
778 3529 783 3540 ·
974 3503 1010 3544 ‘r-
1031 3523 1065 3584 f
