2392 4042
133 315 176 374 uo
404 310 579 378 Srnuusnn
596 305 791 378 Osmmuus

134 475 227 528 entes
244 483 424 548 perpessos.
468 465 536 530 Nos
553 487 622 530 eam
638 486 703 530 rem
719 469 749 530 in
763 461 867 530 medio
880 461 1050 554 melinque·

134 569 212 612 mus.
257 548 309 611 De
325 551 487 634 superiore
503 553 718 638 conjuratione
733 552 810 616 satis
826 550 954 617 dictum.

176 633 250 696 XX.
274 633 440 700 Currmus
465 638 519 702 ubi
540 633 606 717 eos,
633 659 711 723 quos
728 636 834 722 peuiio
849 651 921 702 onte
936 660 1054 703 memo·

130 720 210 796 rsvi,
226 723 414 786 convenisse
434 724 539 804 videm
563 725 687 794 tametsi
703 745 774 788 cum
800 723 930 810 singulis
956 722 1053 790 muita

131 824 228 890 saepe
239 820 357 892 egerat,
374 821 476 874 tamen
491 813 532 873 ‘in
555 831 621 875 rem
644 809 710 876 iore
733 809 866 877 credens
889 809 1052 876 universos

130 889 293 976 adpellare
317 907 349 956 et
374 895 542 972 cohortari,
567 893 601 958 in
624 894 762 960 abditam
789 909 909 981 partem
927 894 1052 960 aedium

128 976 281 1058 secedim
304 993 397 1064 atque
414 980 468 1059 ibi,
491 977 635 1046 omnibus
662 981 789 1044 arbitris
805 980 914 1066 procul
929 983 1052 1061 amotis,

131 1063 303 1127 orationem
320 1065 533 1148 hujuscemodi
558 1064 677 1129 habuit.
738 1067 817 1130 “Ni
841 1067 938 1132 virtus
960 1065 1053 1132 fides·

129 1169 189 1234 que
212 1161 317 1213 vestra
339 1161 491 1234 spectata
515 1151 590 1216 mihi
614 1152 725 1230 forent,
756 1152 965 1238 nequidquam
994 1175 1051 1238 op·

129 1247 262 1319 portuno
278 1232 329 1298 re's
345 1237 535 1316 cecidissem
558 1251 774 1323 spemagna,
796 1237 994 1316 ¹dominatio,
1015 1239 1049 1302 in

92 1361 96 1367 -
128 1318 272 1384 manibus
289 1322 401 1386 frustra
418 1325 566 1388 fuissent:
591 1345 692 1410 neque
706 1335 791 1422 ξομ,
809 1345 866 1408 per
881 1323 1049 1410 ignauiam,

128 1419 183 1470 out
197 1425 279 1470 vens
297 1409 432 1493 ingenia,
445 1412 564 1474 incerte
578 1431 636 1493 pro
648 1423 747 1472 cerus
759 1422 931 1494 captarem.
977 1408 1050 1484 seu,
1147 1413 1149 1420 “

127 1493 202 1639 quia
227 1492 330 1556 multis
356 1508 388 1557 et
409 1496 532 1580 magnis
557 1494 799 1577 tempestatibus·
825 1515 883 1558 vos
912 1495 1049 1580 cognovi

138 1589 223 1640 ortes
250 1577 392 1663 fidosque
422 1579 507 1658 mihi,
532 1580 714 1643 sonuimus
738 1592 850 1643 wnunus
874 1599 1051 1644 martimum
1097 1579 1100 1586 ⁴

127 1675 220 1748 nique
237 1662 487 1748 pulcherrumum
509 1667 630 1730 facinus
652 1665 829 1752 ‘inciperet
853 1665 954 1741 simul,
976 1666 1051 1750 quia

127 1751 230 1829 vobis,
247 1745 357 1814 endem
380 1753 480 1828 nmini,
512 1751 594 1818 bone
621 1750 765 1836 malaque
792 1750 952 1830 intellexi3
979 1772 1048 1834 nem

126 1833 212 1900 idem
232 1833 314 1900 velie
338 1849 446 1924 ‘atque
462 1837 557 1915 nolle,
588 1858 625 1900 ea
652 1835 774 1899 demum
799 1837 886 1912 firmo
913 1835 1051 1900 amicitia

127 1933 187 1982 est.
232 1920 296 1984 Sed
319 1943 379 2004 ego
394 1945 475 2006 quae
490 1934 593 1984 mente
608 1921 736 2004 agitem,
758 1941 864 1982 omnes
874 1921 940 2004 jem
957 1931 1052 1984 antea

126 2002 243 2069 diversi
259 2003 403 2080 audistis,
448 2003 596 2070 Ceterum
619 2003 693 2066 mihi
720 2002 750 2066 in
774 2001 842 2068 dies
866 2004 965 2088 magis
980 2004 1048 2068 ani·

125 2111 193 2157 mus
210 2087 487 2168 accendunt-cum
506 2089 688 2165 considero,
733 2097 791 2152 ue'o
802 2088 948 2172 ucpnditio
964 2090 1048 2155 virne

126 2175 227 2240 futura
252 2175 304 2254 nit,
331 2177 391 2240 nisi
417 2189 537 2240 nosmet
563 2177 623 2260 ipsi
652 2109 848 2240 vindicemus
872 2177 902 2239 in
923 2175 1049 2241 liberta·

125 2271 200 2326 tem.
246 2261 340 2341 Nam,
366 2274 531 2349 postquam
553 2257 737 2346 respublica
764 2261 795 2324 in
812 2282 983 2347 paucorum
994 2263 1008 2350 j
1086 2317 1089 2323 .

157 2460 371 2524 qReiinqnemus.
403 2458 480 2508 Some
490 2456 601 2507 editions
609 2455 674 2506 have
689 2449 852 2520 relinquimur.
883 2458 916 2506 In
927 2459 1052 2506 mediore·
1081 2473 1086 2480 ·

123 2528 240 2588 demere,
249 2531 276 2574 to
288 2525 358 2574 leave
368 2523 569 2576 undetennined.
1013 2523 1022 2544 ⁰
1115 2524 1118 2528 '

157 2608 170 2642 r
187 2593 218 2640 Iu
228 2609 283 2640 rens
316 2594 366 2642 For
378 2591 417 2640 his
430 2591 545 2650 interest,
557 2589 707 2656 advantage,
723 2605 753 2640 or
764 2603 881 2656 purpose.

157 2674 170 2707 s
188 2660 289 2708 Secedit.
322 2659 351 2708 ln
373 2651 448 2708 other
467 2657 576 2708 editions
597 2660 700 2716 nocent,
720 2657 803 2705 which
816 2657 837 2705 is
855 2656 978 2722 certainly
989 2672 1048 2719 pre·

124 2725 228 2786 fembre,
241 2725 349 2774 because
362 2716 450 2774 muni
456 2717 479 2772 is
489 2723 631 2774 connected
644 2731 670 2772 to
683 2723 704 2770 it
712 2722 745 2787 by
754 2733 845 2788 arque,·
863 2723 948 2774 unless
960 2727 1050 2774 secedit
1140 2749 1146 2758 ·

124 2793 156 2845 be
165 2789 315 2842 considered
324 2807 352 2840 as
362 2791 406 2840 the
418 2789 463 2840 old
474 2787 666 2854 prseterpert'ect
675 2800 746 2839 sense
758 2787 789 2837 of
799 2789 842 2839 the
853 2789 922 2838 verb.

158 2869 170 2912 t
187 2849 311 2922 Spectata.
343 2861 372 2908 in
385 2871 454 2907 some
462 2856 571 2908 editions
584 2871 622 2904 we
630 2855 684 2904 find
696 2859 758 2904 satis
770 2865 886 2920 ejectura.

157 2941 176 2974 u
189 2928 336 2976 Dominotio.
368 2928 398 2974 In
407 2939 477 2975 sume
488 2922 597 2973 editions
611 2923 967 2984 dominationis-*suisset

157 3007 174 3038 v
192 2994 255 3054 Ego.
289 2992 356 3041 Both
368 2993 394 3040 in
406 2991 458 3040 this
479 2988 529 3038 and
545 2989 589 3038 the
605 2998 667 3036 next
683 2998 800 3038 sentence
814 2990 835 3036 is
849 2989 911 3037 used
923 2987 1051 3051 emphatiq

124 3055 201 3120 cury,
213 3056 263 3104 und
275 3056 401 3106 therefore
415 3055 543 3122 elegantly
555 3054 700 3116 expressed.
899 3109 907 3115 .

157 3137 180 3171 w
197 3123 286 3171 dume.
318 3124 347 3170 In
370 3129 439 3170 most
461 3121 569 3172 editions
593 3136 645 3168 sum
665 3121 686 3167 is
709 3117 848 3180 expressed
870 3117 935 3168 after
962 3137 1047 3179 orieris,

124 3189 238 3240 whereas
254 3187 280 3236 in
292 3187 348 3236 thet
360 3185 392 3236 oi
402 3187 513 3249 Cortius,
529 3203 588 3247 suin,
605 3195 642 3234 est
657 3183 707 3234 and
722 3198 773 3232 esce
784 3199 826 3233 are
838 3186 984 3252 constantly
996 3181 1047 3236 ond

124 3253 252 3321 eleganuy
264 3252 426 3302 understood
477 3257 480 3261 '
979 3255 980 3262 ’

158 3336 176 3371 x
192 3323 310 3386 Incipere.
344 3317 414 3368 Used
423 3317 463 3368 for
475 3322 601 3384 suscipere.
701 3330 704 3336 ’

157 3402 175 3450 y
190 3388 353 3437 Bodemmiii.
386 3388 415 3434 ln
423 3391 491 3434 most
498 3385 608 3434 editions
618 3386 700 3434 eadem
713 3399 764 3446 quc
776 3386 840 3445 mihi,
850 3385 933 3435 which
945 3381 1046 3448 pieases

124 3451 293 3578 mezbffitqerie:
312 3513 543 3576 Insomeeditions
559 3515 603 3570 the
625 3515 710 3568 words
730 3531 773 3570 are
794 3527 866 3580 atquc
886 3518 953 3570 idern.
987 3478 1055 3576 ΤὶιςεΙ

124 3579 176 3632 int
186 3585 248 3632 idem
259 3597 365 3650 appears
372 3578 539 3649 superfluous
