2392 4042
154 271 190 328 14
420 259 594 326 Sattuarrr
617 255 795 323 Carteiae.

149 438 227 504 quos
256 431 364 478 manus
393 423 486 498 atque
515 411 632 501 lingua,
661 411 799 500 perjurio
832 423 886 475 aut
916 411 1065 500 sangnine

149 501 235 568 civili
250 499 377 578 alebat;
400 511 569 584 postremo,
585 517 693 562 omnes
710 519 787 584 quos
799 497 961 584 flagitium,
977 519 1065 585 eges·
1108 539 1112 542 -
1161 505 1163 514 ’

150 604 208 668 tae,
222 584 368 652 conscius
382 586 504 650 animus
527 584 731 670 exagitabat,
755 587 775 649 ii
792 583 950 647 Catilinae
968 605 1063 669 prox·

117 742 119 748 ,
147 675 210 738 umi
239 669 471 760 familiaresque
500 684 600 736 erant.
647 667 741 751 Quod
771 669 893 756 siquis
920 671 1014 734 etiarn
1046 693 1070 736 a

146 757 241 845 culpa
257 777 374 824 vacuus
390 759 421 822 in
436 757 688 844 amicitiam‘ejus
705 755 868 835 inciderat,
883 755 1066 841 quotidiano

146 867 206 910 usu
233 857 327 932 atque
353 843 511 910 illecebris
541 841 635 907 tacite
659 843 727 928 ¹par
758 841 928 927 similiaque
951 845 1065 908 ceteris
1119 839 1121 847 ’

147 929 363 996 efficiebatum'
398 927 461 995 Sed
484 947 629 994 maxume
645 928 890 994 adolescentium
906 927 1066 994 familiari-

147 1030 228 1083 tates
243 1015 433 1102 adpetebat:
457 1035 564 1080 eorum
575 1013 670 1078 animi
686 1015 796 1080 molles
812 1027 843 1078 et
859 1028 963 1081 aetate
978 1015 1066 1096 fluxi,

145 1102 228 1170 dolia
243 1101 325 1168 haud
339 1097 505 1166 difficulter
518 1099 737 1186 capiebantur.
782 1100 874 1180 Nam,
900 1101 945 1164 uti
965 1102 1068 1188 cujus·

147 1210 208 1278 que
222 1187 357 1254 studium
372 1209 413 1252 ex
428 1197 532 1252 aetate
558 1185 723 1274 flagrabat,
749 1183 819 1251 aliis
849 1201 953 1252 scorta
976 1209 1067 1273 prae-

145 1276 243 1355 bete,
264 1271 336 1339 aliis
351 1295 447 1339 canen
470 1284 564 1360 atque
591 1293 690 1357 equos
716 1274 870 1352 mercari;
894 1283 1067 1358 postremo,

146 1383 248 1448 neque
263 1361 410 1447 sumptui,
427 1381 528 1446 neque
551 1356 726 1425 modestiae
743 1379 818 1423 auae
836 1379 980 1444 parcere,
994 1358 1069 1424 dum

147 1447 410 1514 illosrobnoxios
435 1444 576 1530 fidosque
604 1445 734 1510 laceret.
781 1443 856 1507 Scio
872 1445 967 1509 inisse
989 1465 1067 1508 non·

145 1532 260 1608 nullos,
285 1533 337 1617 qui
367 1537 414 1595 tta
436 1540 658 1610 aestumarent,
677 1530 885 1616 juventutem,
908 1549 988 1616 quae
1010 1529 1067 1595 do·

145 1639 229 1684 mum
243 1615 403 1681 Catilinae
429 1614 660 1702 frequentabat,
690 1635 801 1702 parum
822 1613 953 1680 honeste
977 1615 1068 1702 pudi-

146 1705 253 1770 citiam
282 1701 452 1782 habuisse3
474 1700 531 1768 sed
558 1723 601 1767 ex
623 1700 695 1766 aliis
723 1699 819 1770 rebus
841 1703 952 1790 magis,
975 1720 1069 1790 quam

147 1789 230 1878 quod
245 1789 389 1876 cuiquam
406 1799 599 1874 compertum
611 1789 701 1866 soret,
714 1787 793 1852 haec
809 1787 891 1852 lama
906 1785 1045 1852 valebat.

166 1891 168 1896 '
188 1876 261 1940 XV.
284 1871 353 1938 Jarr
371 1875 502 1956 primum
527 1871 718 1936 adolescens
746 1871 886 1933 Catilina
902 1872 997 1934 multa
1013 1895 1067 1935 nc·

148 1959 241 2026 landa
256 1972 363 2042 stupra
388 1958 525 2033 iecerat3
547 1975 616 2018 cum
640 1953 761 2038 virgine
788 1953 898 2034 nobili,
922 1976 991 2020 curn
1016 1975 1066 2022 sa·

147 2043 275 2111 cerdote
285 2042 429 2120 “Vestae
441 2037 504 2105 alia
516 2037 729 2125 hujuscemodi
741 2051 850 2103 contra
864 2039 927 2126 ⁰jue
944 2042 1066 2128 sasque.

146 2131 320 2207 Postremo,
335 2139 447 2214 captus
469 2146 576 2198 amore
598 2122 754 2190 Aureliae
772 2123 952 2206 Orestillae,
968 2129 1068 2216 cujus,
1101 2119 1105 2128 ¹

147 2228 274 2304 praeter
303 2215 444 2293 sormam,
476 2211 554 2278 nihil
581 2227 741 2297 tumquarn
765 2211 872 2289 ,bonus
906 2211 1068 2297 la'udavit3

148 2299 232 2390 quod
253 2319 291 2368 ea
313 2296 432 2369 nubere
462 2295 507 2363 itti
536 2297 713 2376 dubitabat,
745 2298 856 2362 timens
873 2301 1068 2387 ¹,privignum

178 2524 260 2574 lPur
269 2521 406 2584 eratque.
479 2515 594 2568 meatem
602 2522 630 2568 to
637 2520 737 2584 perrel
752 2519 835 2568 saltem
843 2521 927 2568 enum
934 2541 945 2575 ,·
961 2515 1011 2568 but
1022 2517 1068 2571 the

146 2587 310 2657 conjunctior
321 2585 398 2648 orteia
409 2599 466 2636 rure
476 2583 566 2652 ytteed
585 2584 611 2634 in
631 2585 683 2634 thiu
699 2599 779 2634 aenae.
812 2585 880 2648 Why
892 2601 950 2650 maj
961 2591 1007 2636 not
1022 2585 1075 2634 the·

147 2655 265 2772 {nemin}
272 2651 314 2715 be,
324 2649 428 2718 equally
438 2659 531 2716 expett
541 2650 567 2700 in
576 2649 745 2711 wickednear,
756 2649 807 2700 and
814 2650 937 2717 similarly
944 2651 1069 2716 dispoaed

159 2738 226 2774 oet
247 2761 252 2769 .

180 2803 206 2840 ιιι
219 2775 348 2838 besoeta.
382 2785 457 2836 Some
465 2779 574 2834 editione
587 2783 645 2850 gire
662 2783 804 2840 obstrictae,-
821 2781 909 2834 others
927 2781 1008 2834 insert
1022 2781 1069 2835 the
1094 2787 1099 2795 “

125 2889 128 2896 ·
147 2869 262 2922 prnnoun
271 2855 316 2904 eibi
324 2852 513 2917 altetfidnaqne,
530 2848 575 2900 the
591 2849 712 2900 nmiaaion
723 2848 754 2900 ol
762 2849 845 2900 which
863 2865 894 2916 ap
913 2865 969 2902 ears
980 2857 1009 2900 to
1025 2863 1069 2900 me

147 2937 218 2972 more
224 2921 334 2987 elegant„
366 2919 407 2967 To
418 2916 493 2968 avoid
508 2917 654 2982 repetition,
663 2915 877 2967 weremarkthat
887 2865 933 2966 tbe
943 2930 1068 2979 pmnoun,

148 3003 176 3036 ae
185 2985 243 3037 well
251 3003 277 3035 aa
290 2986 333 3035 the
339 2982 511 3052 conjunctiora,
521 2981 543 3032 ia
553 2979 626 3034 often
644 2982 773 3048 eleganuy
784 2982 893 3032 omitted
904 2983 930 3031 in
941 2980 1068 3034 coitione

111 3072 115 3077 ¹
146 3051 252 3112 editiotu
259 3049 359 3114 though
368 3047 505 3114 expressed
513 3048 639 3100 inotliere.

180 3133 199 3168 n
213 3121 292 3169 Verte.
325 3113 382 3164 The
416 3114 547 3166 riaeteeree
563 3111 595 3163 oi
611 3115 700 3172 Venta,
719 3112 777 3162 who
797 3111 913 3178 gaiarded
930 3111 981 3162 aud
989 3111 1070 3165 main.

148 3183 236 3236 tained
254 3183 299 3234 me
319 3129 415 3231 sured
424 3178 480 3240 lire.
500 3179 546 3230 dte.
568 3191 636 3229 were
647 3177 734 3228 bottod
748 3184 776 3228 to
794 3177 929 3230 inviolable
946 3178 1068 3248 chaatity,
1172 3163 1176 3244 l

149 3252 201 3302 and
223 3249 295 3314 when
315 3243 450 3298 convicted
471 3244 504 3296 of
520 3245 668 3305 disboraour,
695 3259 762 3297 were
778 3244 880 3296 burned
899 3245 1001 3296 elirein
1021 3248 1069 3299 the
1175 3277 1176 3286 ι

147 3309 396 3438 εωρωὶαῖειαιω,
411 3309 541 3362 mdtbeir
557 3309 1069 3380 puamounscourgadtndeathinthe

206 3399 241 3432 m,
1032 3391 1034 3396 ,

175 3399 358 3514 rdrmsarqm.
391 3445 492 3496 numan
502 3441 553 3494 aad
564 3441 649 3494 divine
656 3442 713 3494 law.

182 3517 340 3583 eveum
373 3514 448 3565 More
457 3509 738 3576 hamtunam.
