2392 4042
127 233 147 290 2
250 311 254 318 .
392 226 565 292 Saeuusrrr
589 225 767 293 Carmine.

127 376 190 442 Sed
205 377 258 442 diu
283 397 426 465 nrngnum
450 379 531 444 inter
544 379 683 444 mortalis
710 394 867 446 certamen
885 385 951 463 soit,
967 386 1046 450 vine.

127 465 278 546 corporis,
294 485 333 528 au
351 465 462 528 virtute
488 465 593 544 animi,
620 488 670 530 res
685 464 827 530 militaris
850 471 948 555 magis
966 491 1038 555 pro-

127 549 265 618 cederet.
299 549 391 614 .Nam
407 561 438 614 et
464 547 559 636 pris,
586 573 678 646 quam
699 543 1037 637 lincipiasfeonsulto}

126 647 168 712 et,
197 633 251 698 ubi
280 635 486 712 consulueris,
541 649 629 712 ature
659 637 742 702 sacto
772 660 851 721 onus
877 657 936 702 est.
992 642 1039 704 lta

126 733 285 806 utrumque
312 741 418 808 perse
443 719 597 808 indigens,
620 721 750 787 alterum
772 723 899 788 alterius
919 726 1038 790 auxilio

127 817 211 873 eet.
316 841 319 846 ·
922 827 926 834 '

77 964 83 978 Ι
125 827 211 955 ‘glh
244 891 362 956 latren
391 891 480 956 initio
508 913 600 979 reges
631 895 716 976 (nam
746 895 777 958 in
808 895 897 960 terris
922 919 1039 961 nomen

126 977 257 1064 limperii
282 975 315 1042 id
341 977 472 1063 primum
495 979 573 1062 fuit),
594 977 743 1058 mdiversi,
794 1002 844 1044 ars
872 981 1039 1069 ingenium,

127 1061 182 1126 alii
196 1083 310 1148 corpus
337 1063 550 1138 exercebant:
571 1037 608 1128 it
628 1066 701 1152 jam
718 1001 867 1130 tuul⁸vita
884 1067 1040 1132 bominum

127 1147 382 1234 sine'cupiditate
395 1141 609 1236 ”dgitabatum
635 1173 691 1214 sua
714 1152 826 1234 cuique
843 1153 919 1216 satis
936 1152 1042 1238 place·

125 1233 214 1299 baut.
260 1233 374 1298 Poste'a
399 1255 476 1299 vero
498 1257 589 1321 quam
604 1236 636 1300 in
660 1237 734 1300 Asia
748 1233 882 1322 ⁰Cyrus,'
893 1238 922 1302 in
939 1239 1039 1302 Grae-

126 1321 178 1384 cia
192 1317 435 1386 Lacedaemouii
450 1331 482 1385 et
503 1321 712 1386 Athenienses
727 1344 864 1408 coepere
886 1323 979 1396 urbes
995 1335 1039 1388 at·
1065 1323 1068 1330 '

126 1426 186 1492 que
203 1405 344 1470 nationes
359 1405 516 1492 subigere,
540 1405 725 1472 nubidinem
751 1407 932 1488 dominandi
950 1429 1039 1472 caue·

127 1511 194 1559 sam
221 1489 296 1556 belli
322 1489 451 1570 hahere,
475 1512 654 1573 maxumam
680 1491 811 1579 gloriam
837 1493 867 1558 in
894 1514 1040 1559 maxumo

127 1575 259 1661 imperio
283 1589 418 1662 ¹putare3
444 1589 507 1642 tum
533 1575 654 1641 demum
681 1579 821 1666 periculo
836 1591 928 1664 atque
945 1585 1049 1666 nego·'

126 1661 178 1726 tiis
207 1676 406 1746 compertum
430 1675 487 1743 est,
518 1663 548 1728 in
580 1661 664 1728 hello
695 1665 1041 1750 plurimum-ingenium

126 1760 240 1834 posse·¹
276 1746 435 1828 aQuod'si
460 1747 567 1836 degum
590 1761 683 1834 atque
711 1747 931 1834 imperatorum
947 1751 1041 1814 animi

125 1833 223 1898 uirtus
248 1831 280 1896 in
304 1855 381 1917 pace
406 1833 460 1909 ita,
483 1835 527 1896 uti
550 1835 580 1896 in
605 1833 700 1908 bello,
723 1835 853 1910 valeret,
881 1835 1041 1917 r'aequabi-

126 1916 185 1982 lius
201 1929 292 2002 atque
306 1915 509 1980 ‘constantius
524 1930 605 1980 'sese
621 1939 671 1980 res
687 1917 840 1982 humanae
852 1917 1041 2000 rhaberent3

127 2023 227 2088 neque
246 1999 347 2066 eliud
372 1999 435 2065 alio
463 2001 546 2080 ferri,
571 2023 671 2088 neque
701 2003 812 2068 mutari
842 2023 880 2066 ac
907 2003 1043 2070 misceri

127 2088 230 2154 omnia
246 2108 404 2152 cerneres.
449 2087 532 2152 Nam
555 2087 718 2173 imperium
744 2088 836 2153 facile
859 2087 907 2154 his
923 2089 1042 2154 artibus
1080 2130 1081 2134 =

157 2259 308 2326 klner'piaa.
340 2258 432 2310 Before
449 2275 499 2324 you
519 2257 605 2325 begin,
624 2258 724 2310 instead
741 2259 775 2320 of,
787 2259 873 2318 before
889 2277 936 2310 one
946 2261 1044 2327 begins.

126 2328 184 2378 The
192 2326 286 2376 second
296 2339 388 2391 person
398 2325 422 2377 is
434 2325 494 2374 thus
505 2324 651 2392 frequently
661 2327 726 2376 used
737 2327 803 2391 with·
812 2327 888 2377 much
901 2327 1029 2392 elegance.

158 2393 169 2444 l
185 2396 289 2458 Imperii.
322 2391 357 2442 of
374 2398 547 2458 goverument,
559 2393 575 2441 i.
594 2409 615 2442 e.
632 2391 664 2442 ol
678 2391 751 2442 those
770 2393 828 2442 who
840 2393 978 2442 ‘exercised
998 2393 1043 2444 do-

125 2459 229 2520 minico,
248 2475 278 2512 or
298 2457 478 2509 administered
497 2465 670 2523 goremme‘nt.
703 2459 760 2509 The
777 2457 852 2509 office
870 2465 919 2524 put
938 2459 978 2509 sor
997 2460 1043 2514 the

125 2524 220 2578 officer.
253 2527 388 2576 AMemn.
627 2571 628 2576 ,

72 2635 75 2644 ,
156 2607 184 2642 m
201 2593 310 2642 Diversi.
343 2589 637 2656 Agreeingwithreges.

57 2697 58 2701 ,
82 2710 86 2713 Α
157 2673 175 2706 n
190 2661 348 2722 Agltobnmr.
383 2655 453 2706 Used
472 2655 513 2706 for
531 2675 548 2706 u
566 2661 670 2717 ebatum,
691 2658 736 2708 the
747 2657 932 2724 frequentative
947 2655 987 2707 for
998 2658 1043 2710 the

125 2724 216 2790 simple
228 2725 306 2774 verb:
322 2723 458 2788 apraetice
469 2738 529 2788 very
541 2732 659 2790 ,sequent
670 2725 732 2774 with
744 2741 790 2774 our
802 2726 900 2776 author.

159 2807 176 2842 ο
195 2793 279 2856 Cyrus.
312 2791 369 2842 The
378 2793 465 2848 Great,
476 2787 583 2840 founder
593 2791 624 2840 ol'
630 2791 675 2841 the
687 2792 789 2842 Persian
801 2793 904 2856 empire.

159 2873 177 2923 p
194 2861 336 2908 Iardidinem
348 2858 490 2908 demerendi.
523 2855 662 2917 Ambinon,
673 2875 688 2907 a
698 2858 962 2910 desireofdominion.

160 2927 270 2990 qud
279 2927 305 2974 ri.
342 2927 393 2976 But
402 2921 428 2972 if.
466 2924 537 2983 Quod
545 2921 662 2974 belore'n'
673 2923 694 2974 is
703 2925 848 2988 commonly
856 2925 919 2973 used
931 2923 1026 2972 for-red.
1181 2983 1182 2994 γ

160 3007 175 3039 r
187 2992 344 3055 AEqrrude'lr'ue
356 2993 383 3040 &
395 2995 551 3050 constantim,
562 2991 607 3056 hcc.
642 2991 738 3040 Would
749 2991 781 3038 be
793 3005 861 3038 more
873 2988 980 3038 uniform
993 2989 1043 3038 and
1092 3001 1095 3008 '

129 3056 225 3121 steady.
259 3061 282 3105 A
295 3073 364 3121 more
375 3056 478 3122 elegunt
487 3057 634 3122 expression
649 3057 711 3105 than
723 3057 885 3128 aequahiuoree
896 3057 924 3104 &
935 3066 1045 3106 constan·

130 3129 202 3176 tiores
213 3134 297 3174 creent.
867 3155 876 3170 .

164 3206 177 3239 s
193 3193 272 3240 Aliud
278 3195 325 3240 olio
333 3191 408 3256 serm.
440 3191 468 3238 In
478 3181 640 3254 expressions
651 3187 682 3238 of
689 3174 741 3240 thie
752 3187 825 3250 kind,
840 3187 898 3238 that
909 3187 953 3239 the
963 3204 1046 3241 meau-

130 3256 176 3322 ing
192 3273 248 3324 may
266 3257 298 3308 be
314 3271 385 3308 more
396 3255 465 3306 clear
475 3257 644 3322 and-explicit
654 3255 681 3306 in
691 3257 808 3324 English,
819 3256 864 3308 the
875 3256 949 3307 Latin
961 3254 1045 3307 words

130 3329 201 3374 murt
209 3323 241 3374 be
249 3321 376 3388 repeated.
804 3369 808 3374 ,

162 3389 302 3442 tMrcert.
332 3387 530 3441 Tubethrown
538 3389 592 3444 into
600 3388 739 3443 confusion.

75 3628 694 3839 dfflssstmm
844 3663 845 3668 ‘
985 3624 989 3632 ⁴
