2392 4042
143 229 208 292 ius
412 225 584 293 Samusrn
608 226 784 294 Carinum.

141 377 263 464 legatos
293 380 322 442 in
346 380 413 443 soro
435 382 612 464 conspexit,
637 393 855 465 percunctatus
881 399 981 466 pauca
1006 377 1046 444 de

143 479 223 528 statu
239 465 384 542 civitatis,
409 479 440 527 et
455 469 544 550 quasi
559 466 668 530 dolens
681 469 746 552 rjus
762 489 879 543 cas-um,
895 466 1054 552 requirere

142 551 257 632 coepit,
294 557 421 634 “quem
452 552 569 614 exitum
601 553 693 616 tantis
723 551 811 615 malis
842 565 1005 636 sperarent
1018 551 1052 610 l'’

143 635 309 718 Postquam
326 635 396 698 illos
420 637 506 699 videt
529 640 652 722 “queri
672 636 711 699 de
732 638 862 700 avaritia
887 637 1075 722 magistra»

137 733 233 796 tuum,
264 741 414 784 accusare
445 734 595 799 senatum,
622 722 703 808 quod
727 724 757 786 in
782 735 820 786 e'o
842 723 951 785 auxilii
974 719 1054 784 nihil

140 818 224 867 esset
237 830 244 882 ;
267 807 401 868 miseriis
419 809 482 869 suis
495 808 663 875 remedium
675 821 804 872 mortem
817 821 1002 892 exspectare
1017 807 1053 868 :”

139 897 158 928 “
176 903 207 952 at
223 893 319 975 ego,’'
341 894 450 976 inquit,
474 899 494 930 “
511 893 610 971 robis,
634 896 660 957 si
677 893 770 958 modo
790 894 848 956 viri
864 913 932 956 esse
948 891 1052 967 voltis,

137 977 291 1039 rationem
307 975 479 1053 ostendam,
501 987 562 1062 qua'
580 992 662 1042 tanta
688 981 747 1042 ista
763 979 844 1041 mala
860 977 1054 1064 effugiatis-’²
1114 1041 1117 1047 ,

138 1061 229 1124 Haec
245 1062 299 1123 ubi
321 1061 411 1140 dixit,
437 1061 624 1150 Allobroges
648 1066 678 1127 in
701 1082 877 1126 maxumam
894 1083 981 1148 spem
998 1061 1053 1125 ad·

138 1144 234 1223 ducti,
259 1146 450 1210 Umbrenum
474 1167 575 1227 orare,
598 1149 641 1212 uti
665 1151 711 1212 sui
735 1150 952 1214 misereretur:
976 1146 1053 1211 nihil

139 1243 201 1293 tam
231 1251 386 1315 asperum,
412 1253 511 1318 neque
542 1245 603 1297 tum
633 1233 768 1312 difficile,
796 1237 883 1320 xquin
914 1233 1051 1318 cupidis·

138 1337 225 1378 sume
255 1317 365 1381 facturi
396 1332 510 1393 essent,
540 1318 612 1382 dum
642 1340 679 1382 ea
709 1341 760 1383 res
790 1321 948 1382 civitatem
978 1339 1051 1382 aere

137 1401 241 1464 alieno
265 1401 423 1466 liberaret.
470 1403 525 1466 llle
541 1426 595 1466 eos
619 1407 648 1468 in
665 1405 788 1468 domum
808 1404 853 1467 D.
870 1405 958 1468 Bruti
981 1426 1052 1488 per-

137 1486 243 1566 ducit3
267 1488 349 1572 quod
372 1490 439 1550 foro
463 1490 648 1573 propinqua,
671 1511 771 1574 neque
794 1489 897 1552 aliena
915 1489 1051 1566 consilii,

139 1587 269 1655 propter
291 1571 528 1655 Semproniam:
563 1595 634 1636 nam
658 1588 720 1636 tum
746 1573 860 1637 Brutus
884 1573 927 1637 ab
949 1574 1054 1636 Roma

136 1657 258 1720 aberet.
304 1657 470 1721 Praeterea
501 1657 671 1721 Gabinium
701 1661 843 1738 arcessit,
866 1682 929 1744 quo
951 1654 1053 1746 major

109 1743 304 1810 ‚auctoritas
320 1743 454 1807 sermoni
467 1743 604 1806 inesset:
628 1765 668 1806 eo
677 1757 842 1828 praesente
859 1746 1046 1832 conjuratio·

135 1849 205 1890 uem
222 1828 347 1912 aperit3
371 1827 635 1906 nominatsucios‚
649 1844 810 1912 praeterea
823 1828 933 1893 multos
949 1831 1051 1912 cujus·

136 1935 195 1996 quie
209 1914 335 1998 generis
357 1913 526 1989 riunoxios
550 1935 611 1997 quo
634 1913 744 1999 legatis
771 1915 889 1976 animus
915 1912 1052 1996 amplior

110 2035 112 2043 ι
135 2013 219 2060 esset
236 2021 243 2062 ι
268 1998 341 2062 dein
366 2019 420 2064 eos
437 1997 593 2080 pollicitos
609 2020 737 2081 opernm
753 2019 839 2062 suam
855 1997 993 2062 dimittit.

114 2081 118 2104 ³
178 2083 265 2146 XLl.
304 2085 370 2148 Suo
400 2083 587 2170 Allobroges
613 2083 665 2147 diu
693 2087 723 2148 in
754 2085 874 2148 incerto
900 2025 1131 2167 habuereNx

135 2167 282 2255 quidnam
296 2170 420 2234 consilii
436 2182 597 2254 caperent.
643 2169 678 2232 ln
693 2169 792 2233 altera
808 2182 897 2253 parte
914 2180 981 2235 erat
995 2187 1050 2233 aes
1130 2170 1139 2188 “’

134 2257 279 2332 alienum,
303 2255 436 2321 studium
459 2255 545 2336 belli,
568 2277 682 2343 magna
705 2277 826 2320 merces
850 2257 879 2320 in
903 2277 960 2338 spe
984 2255 1049 2318 vic·

135 2344 253 2406 toriae:
277 2353 308 2408 at
324 2341 353 2405 in
370 2341 469 2404 altera
484 2345 621 2428 majores
634 2362 724 2424 opes,
747 2353 811 2406 tuta
824 2340 965 2416 consilia,
990 2359 1049 2423 pro

135 2431 254 2492 incerta
271 2450 338 2513 spe,
354 2440 439 2490 certa
458 2428 608 2513 praemia.
645 2426 745 2506 Haeo
760 2425 821 2491 illis
837 2423 1052 2505 volventibus,-

136 2513 260 2578 tandem
276 2517 351 2578 vicit
368 2515 489 2578 fortuna
511 2511 719 2599 reipublicae.
765 2513 872 2599 ltaque
888 2512 931 2592 Q.
948 2510 1050 2576 Fabio

134 2600 269 2686 Sangae,
295 2603 381 2687 cujus
410 2601 600 2684 ¹patrocinio
622 2600 734 2662 civitas
753 2599 915 2682 plurimum
939 2598 1048 2662 uteba·

136 2700 193 2765 tur,
217 2707 282 2749 rem
297 2707 429 2760 omnem,
447 2689 489 2750 uti
502 2696 725 2776 cognoverant,
741 2685 897 2768 aperiunt.
921 2681 1051 2764 Cicero,

135 2793 204 2856 per
222 2773 356 2859 Sangam
384 2771 547 2856 [consilio]
571 2771 709 2856 cognito,
733 2769 844 2856 legatis
875 2772 1048 2856 praecepit,
1101 2777 1103 2782 '

134 2859 281 2943 ‘studium
312 2858 546 2946 conjurationis
564 2857 766 2921 vehementer
790 2856 943 2934 simulent,
966 2869 1069 2953 cete·x

165 3047 184 3081 x-
205 3036 276 3092 Quin.
307 3035 381 3080 More
401 3030 504 3096 elegant
523 3029 584 3078 than
596 3031 663 3092 quod
679 3045 734 3088 non,
750 3027 833 3076 which
846 3027 868 3076 is
885 3027 929 3076 the
946 3027 1051 3093 reading·

133 3101 161 3150 in
178 3114 248 3148 some
260 3097 376 3146 editions.

166 3183 183 3232 y
199 3168 321 3216 Innoaeioc.
353 3166 474 3211 innocent
485 3177 551 3223 men,
563 3175 668 3225 persons
684 3165 729 3208 not
745 3159 887 3209 concerned
900 3159 925 3208 in
937 3159 981 3210 the
993 3173 1050 3209 coii-

133 3233 242 3298 spiracy.
961 3285 963 3289 y

167 3317 181 3346 z
202 3299 349 3348 Patrocirdo.
382 3292 525 3342 Individual
543 3291 684 3353 nublemen,
700 3307 730 3341 or
745 3289 1006 3356 particularlamilies
1023 3293 1054 3342 ol

133 3365 257 3429 patriciae
267 3363 331 3412 raiik
341 3375 407 3411 were
416 3359 560 3410 sometimes
568 3365 672 3424 patrous
684 3357 715 3407 of
722 3355 804 3407 whole
813 3366 901 3409 states.

169 3445 184 3476 a
202 3433 318 3542 {uadum
352 3431 392 3476 An
409 3423 566 3478 attachment
579 3433 615 3484 to,
634 3440 665 3474 an
675 3431 775 3477 eamest
792 3423 874 3476 desire
880 3425 926 3483 ¹for
937 3425 981 3500 tlte
994 3441 1051 3479 suc·

134 3509 230 3550 cesso.
716 3507 719 3512 ·
